75600000         204921575000106                    0434000000000950777 PURIFIC DO BRASIL LTDA        SICOOB                                  10310201709172300000108100000                                                                     
75600011R01  040 2004921575000106                    0434000000000950777 PURIFIC DO BRASIL LTDA                                                                                        000000000310201700000000                                 
7560001300001P 010434000000000950777 000000001101016     10 22T-SICOOB-01/03 0310201700000000000010000000 02N03102017003102017000000000000000000000000000000000000000000000000000000000000000000000                         1000   090000000000 
7560001300002Q 012082354036000138P & A CONSULTORIA E SISTEMA LTDA        AVENIDA CARNEIRO LEAO, 135              ZONA 01        87014010MARINGA        PR2004921575000106PURIFIC DO BRASIL LTDA                  000                            
7560001300003P 010434000000000950777 000000002901016     10 22T-SICOOB-02/03 0311201700000000000010000000 02N03102017003112017000000000000000000000000000000000000000000000000000000000000000000000                         1000   090000000000 
7560001300004Q 012082354036000138P & A CONSULTORIA E SISTEMA LTDA        AVENIDA CARNEIRO LEAO, 135              ZONA 01        87014010MARINGA        PR2004921575000106PURIFIC DO BRASIL LTDA                  000                            
7560001300005P 010434000000000950777 000000003601016     10 22T-SICOOB-03/03 0312201700000000000010000000 02N03102017003122017000000000000000000000000000000000000000000000000000000000000000000000                         1000   090000000000 
7560001300006Q 012082354036000138P & A CONSULTORIA E SISTEMA LTDA        AVENIDA CARNEIRO LEAO, 135              ZONA 01        87014010MARINGA        PR2004921575000106PURIFIC DO BRASIL LTDA                  000                            
75600015         00000800000300000000000000300000000000000000000000000000000000000000000000000000000000000000000000                                                                                                                             
75699999         000001000010000000                                                                                                                                                                                                             
