75600000         202050005000154                    0434000000002000717 PRESERVE SERVICOS ESPECIAIS LTSICOOB                                  12710201710374700000308100000                                                                     
75600011R01  040 2002050005000154                    0434000000002000717 PRESERVE SERVICOS ESPECIAIS LT                                                                                000000002710201700000000                                 
7560001300001P 010434000000002000717 000000010901016     10 22TESTE3         2710201700000000000010000000 02N27102017027102017000000000000000000000000000000000000000000000000000000000000000000000                         1000   090000000000 
7560001300002Q 012002050005000154PRESERVE SERVICOS ESPECIAIS LTDA        AV. SAO DOMINGOS, 2006                  VILA MORANGUEIR87040000MARINGA        PR2002050005000154PRESERVE SERVICOS ESPECIAIS LTDA        000                            
75600015         00000400000100000000000000100000000000000000000000000000000000000000000000000000000000000000000000                                                                                                                             
75699999         000001000006000000                                                                                                                                                                                                             
