02RETORNO01COBRANCA       334400382050        ELETROLUZ MAT ELETRICOS LTDA  341BANCO ITAU S.A.07121801600BPI00809071218                                                                                                                                                                                                                                                                                   000001
10200502754000654334400382050        NF27160-A                00026488            109000264888             I04071218NF27160-A 00026488            13121800000000224003410236001000000000000000000000000000000000000000000000000000000000000000000000000000000000000000000000000000000000000000000000         00000000000000000000000COOPERATIVA DE CREDITO, POUPAN                                        000002
10200502754000654334400382050        NF27159-A                00026675            109000266750             I04071218NF27159-A 00026675            13121800000000088863410236001000000000000000000000000000000000000000000000000000000000000000000000000000000000000000000000000000000000000000000000         00000000000000000000000COOPERATIVA DE CREDITO, POUPAN                                        000003
10200502754000654334400382050        NF27169-A                00028552            109000285529             I02071218NF27169-A 00028552            06011900000000231573410236001000000000000000000000000000000000000000000000000000000000000000000000000000000000000000000000000000000230000000000000         00000000000000000000000AUTO POSTO TIGRE                                                      000004
10200502754000654334400382050        NF27171-A                00028553            109000285537             I02071218NF27171-A 00028553            06011900000000152393410236001000000000000000000000000000000000000000000000000000000000000000000000000000000000000000000000000000000150000000000000         00000000000000000000000MARCIA CRISTINA FENATO MATSUMO                                        000005
10200502754000654334400382050        NF27172-A                00028554            109000285545             I02071218NF27172-A 00028554            06011900000000103303413731701000000000000000000000000000000000000000000000000000000000000000000000000000000000000000000000000000000100000000000000         00000000000000000000000BARBARA ROSSETTO KFFURI DE GOI                                        000006
10200502754000654334400382050        NF27174-A                00028555            109000285552             I02071218NF27174-A 00028555            06011900000000241893410236001000000000000000000000000000000000000000000000000000000000000000000000000000000000000000000000000000000240000000000000         00000000000000000000000CARLOS TAKESHI OKADA                                                  000007
10200502754000654334400382050        NF27175-A                00028556            109000285560             I02071218NF27175-A 00028556            04011900000000051303410236001000000000000000000000000000000000000000000000000000000000000000000000000000000000000000000000000000000050000000000000         00000000000000000000000NUTRIPHOS INDUSTRIA E COMERCIO                                        000008
10200502754000654334400382050        NF27176-A                00028557            109000285578             I02071218NF27176-A 00028557            06011900000000072073413883601000000000000000000000000000000000000000000000000000000000000000000000000000000000000000000000000000000070000000000000         00000000000000000000000LATCO BEVERAGES IND. DE ALIMEN                                        000009
10200502754000654334400382050        NF27177-A                00028558            109000285586             I02071218NF27177-A 00028558            05011900000000117973410236001000000000000000000000000000000000000000000000000000000000000000000000000000000000000000000000000000000120000000000000         00000000000000000000000MARCIANO DOS SANTOS                                                   000010
10200502754000654334400382050        NF27178-A                00028559            109000285594             I02071218NF27178-A 00028559            04011900000000264833413731701000000000000000000000000000000000000000000000000000000000000000000000000000000000000000000000000000000260000000000000         00000000000000000000000REINALDO CAMPANO                                                      000011
10200502754000654334400382050        NF27178-B                00028560            109000285602             I02071218NF27178-B 00028560            01021900000000264833413731701000000000000000000000000000000000000000000000000000000000000000000000000000000000000000000000000000000260000000000000         00000000000000000000000REINALDO CAMPANO                                                      000012
10200502754000654334400382050        NF27179-A                00028561            109000285610             I02071218NF27179-A 00028561            06011900000000253453410236001000000000000000000000000000000000000000000000000000000000000000000000000000000000000000000000000000000250000000000000         00000000000000000000000TRUCK CENTER UMUARAMA LTDA - E                                        000013
10200502754000654334400382050        NF27180-A                00028562            109000285628             I02071218NF27180-A 00028562            04011900000000090003410236001000000000000000000000000000000000000000000000000000000000000000000000000000000000000000000000000000000090000000000000         00000000000000000000000JAIR SMARGIASSE RUIZ                                                  000014
10200502754000654334400382050        NF27180-B                00028563            109000285636             I02071218NF27180-B 00028563            01021900000000090003410236001000000000000000000000000000000000000000000000000000000000000000000000000000000000000000000000000000000090000000000000         00000000000000000000000JAIR SMARGIASSE RUIZ                                                  000015
10200502754000654334400382050        NF27181-A                00028564            109000285644             I02071218NF27181-A 00028564            06011900000000096893410236001000000000000000000000000000000000000000000000000000000000000000000000000000000000000000000000000000000100000000000000         00000000000000000000000TODIMO MATERIAIS PARA CONSTRUC                                        000016
10200502754000654334400382050        NF27182-A                00028565            109000285651             I02071218NF27182-A 00028565            06011900000000421353410236001000000000000000000000000000000000000000000000000000000000000000000000000000000000000000000000000000000420000000000000         00000000000000000000000FRANCIELE DOS SANTOS COLANZI                                          000017
10200502754000654334400382050        NF27182-B                00028566            109000285669             I02071218NF27182-B 00028566            05021900000000421343410236001000000000000000000000000000000000000000000000000000000000000000000000000000000000000000000000000000000420000000000000         00000000000000000000000FRANCIELE DOS SANTOS COLANZI                                          000018
10200502754000654334400382050        NF27183-A                00028567            109000285677             I02071218NF27183-A 00028567            06011900000000243563410236001000000000000000000000000000000000000000000000000000000000000000000000000000000000000000000000000000000240000000000000         00000000000000000000000CONSTRUMARCIO CONSTRUTORA LTDA                                        000019
10200502754000654334400382050        NF27191-A                00028568            109000285685             I02071218NF27191-A 00028568            04011900000000131013410236001000000000000000000000000000000000000000000000000000000000000000000000000000000000000000000000000000000130000000000000         00000000000000000000000JOAO NUNES DE OLIVEIRA                                                000020
10200502754000654334400382050        NF27192-A                00028569            109000285693             I02071218NF27192-A 00028569            04011900000000308573413883601000000000000000000000000000000000000000000000000000000000000000000000000000000000000000000000000000000310000000000000         00000000000000000000000D' ITALIA SUPERMERCADO EIRELI                                         000021
10200502754000654334400382050        NF27192-B                00028570            109000285701             I02071218NF27192-B 00028570            01021900000000308553413883601000000000000000000000000000000000000000000000000000000000000000000000000000000000000000000000000000000310000000000000         00000000000000000000000D' ITALIA SUPERMERCADO EIRELI                                         000022
10200502754000654334400382050        NF27192-C                00028571            109000285719             I02071218NF27192-C 00028571            01031900000000308553413883601000000000000000000000000000000000000000000000000000000000000000000000000000000000000000000000000000000310000000000000         00000000000000000000000D' ITALIA SUPERMERCADO EIRELI                                         000023
10200502754000654334400382050        PD259751-A               00028572            109000285727             I02071218PD259751-A00028572            04011900000000067253410236001000000000000000000000000000000000000000000000000000000000000000000000000000000000000000000000000000000070000000000000         00000000000000000000000FABIO DOMINGUES DO AMARAL                                             000024
10200502754000654334400382050        PD259751-B               00028573            109000285735             I02071218PD259751-B00028573            01021900000000067253410236001000000000000000000000000000000000000000000000000000000000000000000000000000000000000000000000000000000070000000000000         00000000000000000000000FABIO DOMINGUES DO AMARAL                                             000025
10200502754000654334400382050        NF27194-A                00028574            109000285743             I02071218NF27194-A 00028574            06011900000000320953410236001000000000000000000000000000000000000000000000000000000000000000000000000000000000000000000000000000000320000000000000         00000000000000000000000JCF INSTALACOES ELETRICAS LTDA                                        000026
10200502754000654334400382050        NF27195-A                00028575            109000285750             I02071218NF27195-A 00028575            05011900000000110403410113101000000000000000000000000000000000000000000000000000000000000000000000000000000000000000000000000000000110000000000000         00000000000000000000000F6 TECNOLOGIA E SEGURANCA LTDA                                        000027
10200502754000654334400382050        NF27196-A                00028576            109000285768             I02071218NF27196-A 00028576            06011900000000223883413883601000000000000000000000000000000000000000000000000000000000000000000000000000000000000000000000000000000220000000000000         00000000000000000000000JR MARILUZ MATERIAL DE CONSTRU                                        000028
10200502754000654334400382050        NF27197-A                00028577            109000285776             I02071218NF27197-A 00028577            07011900000000125003410236001000000000000000000000000000000000000000000000000000000000000000000000000000000000000000000000000000000130000000000000         00000000000000000000000LABORDERME FARMACIA DE MANIPUL                                        000029
10200502754000654334400382050        NF27199-A                00028578            109000285784             I02071218NF27199-A 00028578            06011900000000245673410236001000000000000000000000000000000000000000000000000000000000000000000000000000000000000000000000000000000250000000000000         00000000000000000000000ESTOFADOS ORYON LTDA                                                  000030
10200502754000654334400382050        NF27200-A                00028579            109000285792             I02071218NF27200-A 00028579            07011900000000234433410236001000000000000000000000000000000000000000000000000000000000000000000000000000000000000000000000000000000230000000000000         00000000000000000000000RV EMPREENDIMENTOS LTDA                                               000031
10200502754000654334400382050        NF27201-A                00028580            109000285800             I02071218NF27201-A 00028580            05011900000000461253410236001000000000000000000000000000000000000000000000000000000000000000000000000000000000000000000000000000000460000000000000         00000000000000000000000ANDERSON FELIX                                                        000032
10200502754000654334400382050        NF27202-A                00028581            109000285818             I02071218NF27202-A 00028581            04011900000000308993414034501000000000000000000000000000000000000000000000000000000000000000000000000000000000000000000000000000000310000000000000         00000000000000000000000CICERO DA SILVA                                                       000033
10200502754000654334400382050        NF27202-B                00028582            109000285826             I02071218NF27202-B 00028582            01021900000000308993414034501000000000000000000000000000000000000000000000000000000000000000000000000000000000000000000000000000000310000000000000         00000000000000000000000CICERO DA SILVA                                                       000034
10200502754000654334400382050        NF27202-C                00028583            109000285834             I02071218NF27202-C 00028583            01031900000000308993414034501000000000000000000000000000000000000000000000000000000000000000000000000000000000000000000000000000000310000000000000         00000000000000000000000CICERO DA SILVA                                                       000035
10200502754000654334400382050        NF27203-A                00028584            109000285842             I02071218NF27203-A 00028584            06011900000000329423413848901000000000000000000000000000000000000000000000000000000000000000000000000000000000000000000000000000000330000000000000         00000000000000000000000A BENITEZ & CANO LTDA ME                                              000036
10200502754000654334400382050        NF27203-B                00028585            109000285859             I02071218NF27203-B 00028585            02021900000000329423413848901000000000000000000000000000000000000000000000000000000000000000000000000000000000000000000000000000000330000000000000         00000000000000000000000A BENITEZ & CANO LTDA ME                                              000037
10200502754000654334400382050        NF27204-A                00028586            109000285867             I02071218NF27204-A 00028586            04011900000000252773410236001000000000000000000000000000000000000000000000000000000000000000000000000000000000000000000000000000000250000000000000         00000000000000000000000ASSOCIACAO DOS AGROPECUARISTAS                                        000038
10200502754000654334400382050        NF27205-A                00028587            109000285875             I02071218NF27205-A 00028587            04011900000000431873413883601000000000000000000000000000000000000000000000000000000000000000000000000000000000000000000000000000000430000000000000         00000000000000000000000AUTO POSTO FLOR DA MATA LTDA                                          000039
10200502754000654334400382050        NF27206-A                00028588            109000285883             I02071218NF27206-A 00028588            06011900000000473133410236001000000000000000000000000000000000000000000000000000000000000000000000000000000000000000000000000000000470000000000000         00000000000000000000000XETAS COMUNICACAO LTDA                                                000040
10200502754000654334400382050        NF27207-A                00028589            109000285891             I02071218NF27207-A 00028589            06011900000000487503410236001000000000000000000000000000000000000000000000000000000000000000000000000000000000000000000000000000000490000000000000         00000000000000000000000ELIAS TEOTONIO DO NASCIMENTO                                          000041
10200502754000654334400382050        04635087                 00028590            109000285909             I0207121804635087  00028590            07011900000000455223410236001000000000000000000000000000000000000000000000000000000000000000000000000000000000000000000000000000000460000000000000         00000000000000000000000INDUSTRIA E COMERCIO DE ALIMEN                                        000042
10200502754000654334400382050        NF27209-A                00028591            109000285917             I02071218NF27209-A 00028591            06011900000000117503410236001000000000000000000000000000000000000000000000000000000000000000000000000000000000000000000000000000000120000000000000         00000000000000000000000SOTRAM CONSTRUTORA E TERRAPLEN                                        000043
10200502754000654334400382050        NF27210-A                00028592            109000285925             I02071218NF27210-A 00028592            07011900000000110233410236001000000000000000000000000000000000000000000000000000000000000000000000000000000000000000000000000000000110000000000000         00000000000000000000000NISHITANI & CIA LTDA                                                  000044
10200502754000654334400382050        NF27211-A                00028593            109000285933             I02071218NF27211-A 00028593            06011900000000265783410236001000000000000000000000000000000000000000000000000000000000000000000000000000000000000000000000000000000270000000000000         00000000000000000000000SKAY NET CAMILLO LTDA                                                 000045
10200502754000654334400382050        03934565-A               00028594            109000285941             I0207121803934565-A00028594            07011900000000505633410236001000000000000000000000000000000000000000000000000000000000000000000000000000000000000000000000000000000510000000000000         00000000000000000000000BEPRE EQUIPAMENTOS E ASSISTENC                                        000046
10200502754000654334400382050        03934565-B               00028595            109000285958             I0207121803934565-B00028595            07021900000000505633410236001000000000000000000000000000000000000000000000000000000000000000000000000000000000000000000000000000000510000000000000         00000000000000000000000BEPRE EQUIPAMENTOS E ASSISTENC                                        000047
10200502754000654334400382050        03934565-C               00028596            109000285966             I0207121803934565-C00028596            07031900000000505633410236001000000000000000000000000000000000000000000000000000000000000000000000000000000000000000000000000000000510000000000000         00000000000000000000000BEPRE EQUIPAMENTOS E ASSISTENC                                        000048
10200502754000654334400382050        NF27028-A                00028597            109000285974             I02071218NF27028-A 00028597            03011900000000218033410236001000000000000000000000000000000000000000000000000000000000000000000000000000000000000000000000000000000220000000000000         00000000000000000000000M. CORREIA ASSISTENCIA TECNICA                                        000049
10200502754000654334400382050        C.DIVIDA-D               00028598            109000285982             I02071218C.DIVIDA-D00028598            28011900000000380003413883601000000000000000000000000000000000000000000000000000000000000000000000000000000000000000000000000000000380000000000000         00000000000000000000000C R NUNES RECICLAGENS ME                                              000050
10200502754000654334400382050        C.DIVIDA-E               00028599            109000285990             I02071218C.DIVIDA-E00028599            12021900000000380003413883601000000000000000000000000000000000000000000000000000000000000000000000000000000000000000000000000000000380000000000000         00000000000000000000000C R NUNES RECICLAGENS ME                                              000051
10200502754000654334400382050        NF23324-C                00024350            109000243502             I06071218NF23324-C 00024350            03121800000000154037564379401000000000019300000000000000000000000000000000000000000000000000000000000000000000000001557800000000003680000000000000   07121800000000000000000000000F6 TECNOLOGIA E SEGURANCA LTDA                                      B3000052
10200502754000654334400382050        NF23583-C                00024660            109000246604             I06071218NF23583-C 00024660            07121800000000433337567065601000000000019300000000000000000000000000000000000000000000000000000000000000000000000004314000000000000000000000000000   07121800000000000000000000000CONEXAO TIRADENTES DE UMUARAMA                                      B1000053
10200502754000654334400382050        NF23664-C                00024746            109000247461             I06071218NF23664-C 00024746            10121800000000118221040570201000000000019300000000000000000000000000000000000000000000000000000000000000000000000001162900000000000000000000000000   07121800000000000000000000000LEANDRO BAQUETIS ALVARENGA                                          B5000054
10200502754000654334400382050        NF23754-C                00024852            109000248527             I06071218NF23754-C 00024852            08121800000000236471044603701000000000019300000000000000000000000000000000000000000000000000000000000000000000000002345400000000000000000000000000   07121800000000000000000000000REINALDO CAMPANO                                                    B3000055
10200502754000654334400382050        NF23860-C                00024969            109000249699             I06071218NF23860-C 00024969            13121800000000292150334577301000000000019300000000000000000000000000000000000000000000000000000000000000000000000002902200000000000000000000000000   07121800000000000000000000000ALESSANDRO WALMOR POLI SILVA                                        B1000056
10200502754000654334400382050        NF23945-B                00025079            109000250796             I06071218NF23945-B 00025079            19111800000000092901040570201000000000019300000000000000000000000000000000000000000000000000000000000000000000000000944500000000003480000000000000   07121800000000000000000000000ALCI C. ALEXANDRE FRIOS                                             B5000057
10200502754000654334400382050        NF24071-C                00025224            109000252248             I06071218NF24071-C 00025224            18121800000000420090334577301000000000019300000000000000000000000000000000000000000000000000000000000000000000000004181600000000000000000000000000   07121800000000000000000000000ALESSANDRO WALMOR POLI SILVA                                        B1000058
10200502754000654334400382050        NF24488-B                00025676            109000256769             I06071218NF24488-B 00025676            05121800000000105832370180001000000000019300000000000000000000000000000000000000000000000000000000000000000000000001062400000000002340000000000000   07121800000000000000000000000MARIA DA CONCEICAO NASCIMENTO                                       B3000059
10200502754000654334400382050        NF24563-B                00025771            109000257718             I06071218NF24563-B 00025771            03121800000000199807564379401000000000019300000000000000000000000000000000000000000000000000000000000000000000000002026700000000004800000000000000   07121800000000000000000000000F6 TECNOLOGIA E SEGURANCA LTDA                                      B3000060
10200502754000654334400382050        NF24283-A                00025812            109000258120             I06071218NF24283-A 00025812            25101800000000450001040570201000000000019300000000000000000000000000000000000000000000000000000000000000000000000004764200000000028350000000000000   07121800000000000000000000000MAYARA NYCOLE MONTEIRO ROMERO                                       B5000061
10200502754000654334400382050        NF24607-B                00025830            109000258302             I06071218NF24607-B 00025830            04121800000000141327564379401000000000019300000000000000000000000000000000000000000000000000000000000000000000000001426400000000003250000000000000   07121800000000000000000000000F6 TECNOLOGIA E SEGURANCA LTDA                                      B3000062
10200502754000654334400382050        NF24607-C                00025831            109000258310             I06071218NF24607-C 00025831            01011900000000141327564379401000000000019300000000000000000000000000000000000000000000000000000000000000000000000001393900000000000000000000000000   07121800000000000000000000000F6 TECNOLOGIA E SEGURANCA LTDA                                      B3000063
10200502754000654334400382050        NF24636-B                00025875            109000258757             I06071218NF24636-B 00025875            05121800000000146401043868701000000000019300000000000000000000000000000000000000000000000000000000000000000000000001477000000000003230000000000000   07121800000000000000000000000JAIR SMARGIASSE RUIZ                                                B3000064
10200502754000654334400382050        NF24746-B                00026003            109000260035             I06071218NF24746-B 00026003            08121800000000265821040570201000000000019300000000000000000000000000000000000000000000000000000000000000000000000002638900000000000000000000000000   07121800000000000000000000000E. V. S. OLIVEIRA & CIA LTDA                                        B3000065
10200502754000654334400382050        NF24830-B                00026096            109000260969             I06071218NF24830-B 00026096            11121800000000337570014979101000000000019300000000000000000000000000000000000000000000000000000000000000000000000003356400000000000000000000000000   07121800000000000000000000000EDSON JOSE SOUTIER ALMEIDA                                          B1000066
10200502754000654334400382050        NF24861-B                00026130            109000261306             I06071218NF24861-B 00026130            10121800000000061701040570201000000000019300000000000000000000000000000000000000000000000000000000000000000000000000597700000000000000000000000000   07121800000000000000000000000CONDOMINIO RESIDENCIAL LAKE PA                                      B5000067
10200502754000654334400382050        NF25133-B                00026447            109000264474             I06071218NF25133-B 00026447            18121800000000099580014979101000000000019300000000000000000000000000000000000000000000000000000000000000000000000000976500000000000000000000000000   07121800000000000000000000000EDSON JOSE SOUTIER ALMEIDA                                          B1000068
10200502754000654334400382050        NF25292-A                00026619            109000266198             I06071218NF25292-A 00026619            23111800000000102230016511001000000000019300000000000000000000000000000000000000000000000000000000000000000000000001037400000000003440000000000000   07121800000000000000000000000EDMAR PEDREIRA DE FRANCA                                            B2000069
10200502754000654334400382050        NF25445-B                00026763            109000267634             I06071218NF25445-B 00026763            25121800000000216897487383301000000000019300000000000000000000000000000000000000000000000000000000000000000000000002149600000000000000000000000000   07121800000000000000000000000RICARDO SINIGALIA BATISTA                                           B3000070
10200502754000654334400382050        PD267864-A               00026874            109000268749             I06071218PD267864-A00026874            28111800000000072281043868701000000000019300000000000000000000000000000000000000000000000000000000000000000000000000724300000000002080000000000000   07121800000000000000000000000AILTON BAZILIO DOS SANTOS                                           B5000071
10200502754000654334400382050        NF25571-A                00026911            109000269119             I06071218NF25571-A 00026911            29111800000000130000016511001000000000019300000000000000000000000000000000000000000000000000000000000000000000000001317100000000003640000000000000   07121800000000000000000000000EDMAR PEDREIRA DE FRANCA                                            B2000072
10200502754000654334400382050        NF25587-A                00026930            109000269309             I06071218NF25587-A 00026930            03121800000000093461040570201000000000019300000000000000000000000000000000000000000000000000000000000000000000000000937600000000002230000000000000   07121800000000000000000000000FERNANDO CASTELETO NETO                                             B3000073
10200502754000654334400382050        NF25598-A                00026945            109000269457             I06071218NF25598-A 00026945            03121800000001840380010645201000000000019300000000000000000000000000000000000000000000000000000000000000000000000018826200000000044170000000000000   07121800000000000000000000000PEOPLE`S INDUSTRIA E COMERCIO                                       B3000074
10200502754000654334400382050        NF25623-A                00026977            109000269770             I06071218NF25623-A 00026977            07121800000000758002373099901000000000019300000000000000000000000000000000000000000000000000000000000000000000000007560700000000000000000000000000   07121800000000000000000000000GAZIN IND. E COM. DE MOVEIS E                                       B7000075
10200502754000654334400382050        NF25654-A                00027005            109000270059             I06071218NF25654-A 00027005            05121800000000063003415167201000000000019300000000000000000000000000000000000000000000000000000000000000000000000000624500000000001380000000000000   07121800000000000000000000000LUIZ JOSE DE OLIVEIRA                                               CP000076
10200502754000654334400382050        NF25664-A                00027017            109000270174             I06071218NF25664-A 00027017            03121800000000480727564379401000000000019300000000000000000000000000000000000000000000000000000000000000000000000004903200000000011530000000000000   07121800000000000000000000000VISTA TELECOM LTDA.                                                 B3000077
10200502754000654334400382050        NF25695-A                00027057            109000270570             I06071218NF25695-A 00027057            27111800000000531351043352201000000000019300000000000000000000000000000000000000000000000000000000000000000000000005453500000000015930000000000000   07121800000000000000000000000CASTELO COMERCIO DE ALIMENTOS                                       B3000078
10200502754000654334400382050        NF25819-A                00027186            109000271867             I06071218NF25819-A 00027186            07121800000001853930840007501000000000019300000000000000000000000000000000000000000000000000000000000000000000000018520000000000000000000000000000   07121800000000000000000000000FRANCOLIN EMPREENDIMENTOS IMOB                                      B1000079
10200502754000654334400382050        NF25824-A                00027191            109000271917             I06071218NF25824-A 00027191            07121800000000736247487383301000000000019300000000000000000000000000000000000000000000000000000000000000000000000007343100000000000000000000000000   07121800000000000000000000000RONQUI & DIAS LTDA                                                  B3000080
10200502754000654334400382050        NF25825                  00027193            109000271933             I06071218NF25825   00027193            07121800000001185601040570201000000000019300000000000000000000000000000000000000000000000000000000000000000000000011836700000000000000000000000000   07121800000000000000000000000CESAR VINICIUS SOARES                                               B3000081
10200502754000654334400382050        NF25836-A                00027199            109000271990             I06071218NF25836-A 00027199            08121800000000146700333945301000000000019300000000000000000000000000000000000000000000000000000000000000000000000001447700000000000000000000000000   07121800000000000000000000000NEWTON BONIN                                                        B7000082
10200502754000654334400382050        PD269511-A               00027201            109000272014             I06071218PD269511-A00027201            06121800000000716980014979101000000000019300000000000000000000000000000000000000000000000000000000000000000000000007301100000000015060000000000000   07121800000000000000000000000INACIO MIMA                                                         B1000083
10200502754000654334400382050        NF25863-A                00027220            109000272204             I06071218NF25863-A 00027220            07121800000000108083412910801000000000019300000000000000000000000000000000000000000000000000000000000000000000000001061500000000000000000000000000   07121800000000000000000000000SERRA COMERCIO DE COMBUSTIVEIS                                      CK000084
10200502754000654334400382050        NF25864-A                00027221            109000272212             I06071218NF25864-A 00027221            07121800000000179773410236001000000000019300000000000000000000000000000000000000000000000000000000000000000000000001778400000000000000000000000000   07121800000000000000000000000S. F. DIAS EPP                                                      BL000085
10200502754000654334400382050        NF25875-A                00027238            109000272386             I06071218NF25875-A 00027238            08121800000000072681043868701000000000019300000000000000000000000000000000000000000000000000000000000000000000000000707500000000000000000000000000   07121800000000000000000000000ASSOCIACAO DE APOIO A PROMOCAO                                      B5000086
10200502754000654334400382050        NF25897-A                00027271            109000272717             I06071218NF25897-A 00027271            08121800000000294031040570201000000000019300000000000000000000000000000000000000000000000000000000000000000000000002921000000000000000000000000000   07121800000000000000000000000MP CARDOSO EMPREENDIMENTOS LTD                                      B3000087
10200502754000654334400382050        NF25906-A                00027278            109000272782             I06071218NF25906-A 00027278            07121800000000196607487215701000000000019300000000000000000000000000000000000000000000000000000000000000000000000001946700000000000000000000000000   07121800000000000000000000000ROBERTO MALFATO COLOGNESE                                           B3000088
10200502754000654334400382050        NF25909-A                00027280            109000272808             I06071218NF25909-A 00027280            07121800000000053701040570201000000000019300000000000000000000000000000000000000000000000000000000000000000000000000517700000000000000000000000000   07121800000000000000000000000ARMANDO GONCALVES                                                   B5000089
10200502754000654334400382050        NF25910-A                00027281            109000272816             I06071218NF25910-A 00027281            07121800000000152507487047401000000000019300000000000000000000000000000000000000000000000000000000000000000000000001505700000000000000000000000000   07121800000000000000000000000OCEANICA COM GENER.ALIMENTICIO                                      B1000090
10200502754000654334400382050        NF25928-A                00027291            109000272915             I06071218NF25928-A 00027291            07121800000000107361043868701000000000019300000000000000000000000000000000000000000000000000000000000000000000000001054300000000000000000000000000   07121800000000000000000000000PEDRO JOSE DOS SANTOS                                               B5000091
10200502754000654334400382050        NF25930-A                00027295            109000272956             I06071218NF25930-A 00027295            07121800000000079250334577301000000000019300000000000000000000000000000000000000000000000000000000000000000000000000773200000000000000000000000000   07121800000000000000000000000BRAS FIBRAS IND E COM DE PROD                                       B3000092
10200502754000654334400382050        NF25937-A                00027302            109000273020             I06071218NF25937-A 00027302            07121800000000115220010645201000000000019300000000000000000000000000000000000000000000000000000000000000000000000001132900000000000000000000000000   07121800000000000000000000000SAMIR EL HALABI                                                     B6000093
10200502754000654334400382050        NF25939-A                00027304            109000273046             I06071218NF25939-A 00027304            08121800000000248271043868701000000000019300000000000000000000000000000000000000000000000000000000000000000000000002463400000000000000000000000000   07121800000000000000000000000HEMERSON DA SILVA                                                   B5000094
10200502754000654334400382050        NF25944-A                00027309            109000273095             I06071218NF25944-A 00027309            09121800000000234302370180001000000000019300000000000000000000000000000000000000000000000000000000000000000000000002323700000000000000000000000000   07121800000000000000000000000RODRIGO CARDOSO VALENTE                                             B3000095
10200502754000654334400382050        NF25945-A                00027310            109000273103             I06071218NF25945-A 00027310            07121800000000502710010645201000000000019300000000000000000000000000000000000000000000000000000000000000000000000005007800000000000000000000000000   07121800000000000000000000000VINICIUS HENRIQUE PEREIRA                                           B3000096
10200502754000654334400382050        NF25948-A                00027315            109000273152             I06071218NF25948-A 00027315            07121800000000583197487047401000000000019300000000000000000000000000000000000000000000000000000000000000000000000005812600000000000000000000000000   07121800000000000000000000000ALAERCIO SILVESTRE                                                  B1000097
10200502754000654334400382050        NF25958-A                00027323            109000273236             I06071218NF25958-A 00027323            07121800000000923382376748801000000000019300000000000000000000000000000000000000000000000000000000000000000000000009214500000000000000000000000000   07121800000000000000000000000HARMONIA CLUBE DE CAMPO                                             B3000098
10200502754000654334400382050        NF25961-A                00027330            109000273301             I06071218NF25961-A 00027330            07121800000000126520840007501000000000019300000000000000000000000000000000000000000000000000000000000000000000000001245900000000000000000000000000   07121800000000000000000000000CLAUDIA SIVIERO LUCACIN                                             B1000099
10200502754000654334400382050        PD270548-B               00027334            109000273343             I06071218PD270548-B00027334            08121800000000380452376294301000000000019300000000000000000000000000000000000000000000000000000000000000000000000003785200000000000000000000000000   07121800000000000000000000000ODIRLEI ROBERTO MENDONCA                                            B1000100
10200502754000654334400382050        NF25982-A                00027357            109000273574             I06071218NF25982-A 00027357            07121800000000164001043868701000000000019300000000000000000000000000000000000000000000000000000000000000000000000001620700000000000000000000000000   07121800000000000000000000000CESAR VINICIUS SOARES                                               B5000101
10200502754000654334400382050        NF26050-A                00027417            109000274176             I06071218NF26050-A 00027417            12121800000000030001043868701000000000019300000000000000000000000000000000000000000000000000000000000000000000000000280700000000000000000000000000   07121800000000000000000000000CONDOMINIO ED.COM.E RES.PREMIU                                      B5000102
10200502754000654334400382050        NF26075-A                00027427            109000274275             I06071218NF26075-A 00027427            11121800000000158991043868701000000000019300000000000000000000000000000000000000000000000000000000000000000000000001570600000000000000000000000000   07121800000000000000000000000CONSTRUMARCIO CONSTRUTORA LTDA                                      B3000103
10200502754000654334400382050        NF26121-A                00027487            109000274879             I06071218NF26121-A 00027487            12121800000003510140840007501000000000019300000000000000000000000000000000000000000000000000000000000000000000000035082100000000000000000000000000   07121800000000000000000000000FRANCOLIN EMPREENDIMENTOS IMOB                                      B1000104
10200502754000654334400382050        NF26172-A                00027552            109000275520             I06071218NF26172-A 00027552            14121800000000101997487383301000000000019300000000000000000000000000000000000000000000000000000000000000000000000001000600000000000000000000000000   07121800000000000000000000000RICARDO SINIGALIA BATISTA                                           B3000105
10200502754000654334400382050        NF26175-A                00027555            109000275553             I06071218NF26175-A 00027555            14121800000000126730334577301000000000019300000000000000000000000000000000000000000000000000000000000000000000000001248000000000000000000000000000   07121800000000000000000000000ALESSANDRO WALMOR POLI SILVA                                        B1000106
10200502754000654334400382050        NF26297-A                00027688            109000276882             I06071218NF26297-A 00027688            08121800000000042517487383301000000000019300000000000000000000000000000000000000000000000000000000000000000000000000405800000000000000000000000000   07121800000000000000000000000MARCOS GIANNE ZARELLI                                               B3000107
10200502754000654334400382050        NF26836-A                00028211            109000282112             I06071218NF26836-A 00028211            27121800000000069902370180001000000000019300000000000000000000000000000000000000000000000000000000000000000000000000679700000000000000000000000000   07121800000000000000000000000CARLOS EDUARDO FERREIRA                                             B5000108
10200502754000654334400382050        NF27072-A                00028469            109000284696             I06071218NF27072-A 00028469            10121800000000052053412910801000000000019300000000000000000000000000000000000000000000000000000000000000000000000000501200000000000000000000000000   07121800000000000000000000000DEVANIR JOSE PAZIANOTI                                              CP000109
10200502754000654334400382050        NF27101-A                00028491            109000284910             I21071218NF27101-A 00028491            04011900000000110333410236001000000000000000000000000000000000000000000000000000000000000000000000000000000000000000000000000000000000000000000000         00000000000000000000000NP DISTRIBUIDORA DE CARNES LTD                                        000110
10200502754000654334400382050        NF27106-A                00028493            109000284936             I21071218NF27106-A 00028493            24121800000000070013410236001000000000000000000000000000000000000000000000000000000000000000000000000000000000000000000000000000000000000000000000         00000000000000000000000FRAW DISTRIBUIDORA - EIRELI -                                         000111
10200502754000654334400382050        NF27107-A                00028494            109000284944             I21071218NF27107-A 00028494            28121800000000048073410236001000000000000000000000000000000000000000000000000000000000000000000000000000000000000000000000000000000000000000000000         00000000000000000000000EDERLEI CORDEIRO DA SILVA                                             000112
10200502754000654334400382050        NF27109-A                00028495            109000284951             I21071218NF27109-A 00028495            18121800000000042593410236001000000000000000000000000000000000000000000000000000000000000000000000000000000000000000000000000000000000000000000000         00000000000000000000000COIADO & NASCIMENTO TABACARIA                                         000113
10200502754000654334400382050        NF27110-A                00028496            109000284969             I21071218NF27110-A 00028496            27121800000000054523410236001000000000000000000000000000000000000000000000000000000000000000000000000000000000000000000000000000000000000000000000         00000000000000000000000CC UMUARAMA ALUGUEL DE EQUIPAM                                        000114
10200502754000654334400382050        NF27111-A                00028497            109000284977             I21071218NF27111-A 00028497            06121800000000025233410236001000000000000000000000000000000000000000000000000000000000000000000000000000000000000000000000000000000000000000000000         00000000000000000000000CAIUA HOTEL LTDA - EPP                                                000115
10200502754000654334400382050        NF27113-A                00028498            109000284985             I21071218NF27113-A 00028498            03011900000000148453410236001000000000000000000000000000000000000000000000000000000000000000000000000000000000000000000000000000000000000000000000         00000000000000000000000CENTRO DE CONVIVENCIA DOS IDOS                                        000116
10200502754000654334400382050        NF27113-B                00028499            109000284993             I21071218NF27113-B 00028499            03021900000000148453410236001000000000000000000000000000000000000000000000000000000000000000000000000000000000000000000000000000000000000000000000         00000000000000000000000CENTRO DE CONVIVENCIA DOS IDOS                                        000117
10200502754000654334400382050        NF27113-C                00028500            109000285008             I21071218NF27113-C 00028500            03031900000000148453410236001000000000000000000000000000000000000000000000000000000000000000000000000000000000000000000000000000000000000000000000         00000000000000000000000CENTRO DE CONVIVENCIA DOS IDOS                                        000118
10200502754000654334400382050        NF27114-A                00028501            109000285016             I21071218NF27114-A 00028501            10011900000001689303410236001000000000000000000000000000000000000000000000000000000000000000000000000000000000000000000000000000000000000000000000         00000000000000000000000ANA PAULA CUSTODIO CANELA OKAD                                        000119
10200502754000654334400382050        NF27114-B                00028502            109000285024             I21071218NF27114-B 00028502            10021900000001689283410236001000000000000000000000000000000000000000000000000000000000000000000000000000000000000000000000000000000000000000000000         00000000000000000000000ANA PAULA CUSTODIO CANELA OKAD                                        000120
10200502754000654334400382050        NF27114-C                00028503            109000285032             I21071218NF27114-C 00028503            10031900000001689283410236001000000000000000000000000000000000000000000000000000000000000000000000000000000000000000000000000000000000000000000000         00000000000000000000000ANA PAULA CUSTODIO CANELA OKAD                                        000121
10200502754000654334400382050        00339125                 00028504            109000285040             I2107121800339125  00028504            27121800000000118213410236001000000000000000000000000000000000000000000000000000000000000000000000000000000000000000000000000000000000000000000000         00000000000000000000000CAE IND COM PRODUTOS QUIMICOS                                         000122
10200502754000654334400382050        NF27115-A                00028505            109000285057             I21071218NF27115-A 00028505            05011900000000762043410236001000000000000000000000000000000000000000000000000000000000000000000000000000000000000000000000000000000000000000000000         00000000000000000000000JOAO GABRIEL ANUTO SILVA                                              000123
10200502754000654334400382050        NF27116-A                00028506            109000285065             I21071218NF27116-A 00028506            26121800000000050003410236001000000000000000000000000000000000000000000000000000000000000000000000000000000000000000000000000000000000000000000000         00000000000000000000000ASSOCIACAO BENEFICENTE SAO FRA                                        000124
10200502754000654334400382050        NF27117-A                00028507            109000285073             I21071218NF27117-A 00028507            31121800000000063403410236001000000000000000000000000000000000000000000000000000000000000000000000000000000000000000000000000000000000000000000000         00000000000000000000000ASIL COMERCIO DE PECAS LTDA                                           000125
10200502754000654334400382050        NF27119-A                00028508            109000285081             I21071218NF27119-A 00028508            05011900000000204073410236001000000000000000000000000000000000000000000000000000000000000000000000000000000000000000000000000000000000000000000000         00000000000000000000000HEMERSON DA SILVA                                                     000126
10200502754000654334400382050        NF27120-A                00028509            109000285099             I21071218NF27120-A 00028509            15011900000000045543410236001000000000000000000000000000000000000000000000000000000000000000000000000000000000000000000000000000000000000000000000         00000000000000000000000ALLOW SEGURANCA LTDA-ME                                               000127
10200502754000654334400382050        NF27123-A                00028510            109000285107             I21071218NF27123-A 00028510            03011900000000797983413731701000000000000000000000000000000000000000000000000000000000000000000000000000000000000000000000000000000000000000000000         00000000000000000000000CONGREGACAO CRISTA NO BRASIL                                          000128
10200502754000654334400382050        NF27122-A                00028511            109000285115             I21071218NF27122-A 00028511            05011900000000194903414034501000000000000000000000000000000000000000000000000000000000000000000000000000000000000000000000000000000000000000000000         00000000000000000000000MARCELO JOSE DA SILVA                                                 000129
10200502754000654334400382050        NF27123-B                00028512            109000285123             I21071218NF27123-B 00028512            03021900000000797963413731701000000000000000000000000000000000000000000000000000000000000000000000000000000000000000000000000000000000000000000000         00000000000000000000000CONGREGACAO CRISTA NO BRASIL                                          000130
10200502754000654334400382050        NF27123-C                00028513            109000285131             I21071218NF27123-C 00028513            03031900000000797963413731701000000000000000000000000000000000000000000000000000000000000000000000000000000000000000000000000000000000000000000000         00000000000000000000000CONGREGACAO CRISTA NO BRASIL                                          000131
10200502754000654334400382050        NF27122-B                00028514            109000285149             I21071218NF27122-B 00028514            04021900000000194883414034501000000000000000000000000000000000000000000000000000000000000000000000000000000000000000000000000000000000000000000000         00000000000000000000000MARCELO JOSE DA SILVA                                                 000132
10200502754000654334400382050        NF27122-C                00028515            109000285156             I21071218NF27122-C 00028515            06031900000000194883414034501000000000000000000000000000000000000000000000000000000000000000000000000000000000000000000000000000000000000000000000         00000000000000000000000MARCELO JOSE DA SILVA                                                 000133
10200502754000654334400382050        NF27125-A                00028517            109000285172             I21071218NF27125-A 00028517            05011900000000161083410236001000000000000000000000000000000000000000000000000000000000000000000000000000000000000000000000000000000000000000000000         00000000000000000000000J. ALVES BONFIM TINTAS EIRELI                                         000134
10200502754000654334400382050        NF27126-A                00028518            109000285180             I21071218NF27126-A 00028518            03011900000000287903412930601000000000000000000000000000000000000000000000000000000000000000000000000000000000000000000000000000000000000000000000         00000000000000000000000LATICINIOS SANTA LUCIA LTDA                                           000135
10200502754000654334400382050        NF27127-A                00028519            109000285198             I21071218NF27127-A 00028519            03011900000000246993410236001000000000000000000000000000000000000000000000000000000000000000000000000000000000000000000000000000000000000000000000         00000000000000000000000ANA CARLA DA SILVA SOUZA                                              000136
10200502754000654334400382050        NF27128-A                00028520            109000285206             I21071218NF27128-A 00028520            05011900000000140663410236001000000000000000000000000000000000000000000000000000000000000000000000000000000000000000000000000000000000000000000000         00000000000000000000000PAULO DO CARMO SGRINHOLI                                              000137
10200502754000654334400382050        NF27129-A                00028521            109000285214             I21071218NF27129-A 00028521            21121800000000048183410236001000000000000000000000000000000000000000000000000000000000000000000000000000000000000000000000000000000000000000000000         00000000000000000000000UMUPREV PLANO DE ASSISTENCIA F                                        000138
10200502754000654334400382050        NF27130-A                00028522            109000285222             I21071218NF27130-A 00028522            04011900000000076433410236001000000000000000000000000000000000000000000000000000000000000000000000000000000000000000000000000000000000000000000000         00000000000000000000000M. P. ALVES COMERCIO DE CONFEC                                        000139
10200502754000654334400382050        NF27131-A                00028523            109000285230             I21071218NF27131-A 00028523            05011900000000568133410236001000000000000000000000000000000000000000000000000000000000000000000000000000000000000000000000000000000000000000000000         00000000000000000000000Z P BICAIO IND. E COM.EXPORTAC                                        000140
10200502754000654334400382050        NF27140-A                00028524            109000285248             I21071218NF27140-A 00028524            03011900000000286883412930601000000000000000000000000000000000000000000000000000000000000000000000000000000000000000000000000000000000000000000000         00000000000000000000000BRUNO ALAN FELTRIN OLIVEIRA                                           000141
10200502754000654334400382050        NF27141-A                00028525            109000285255             I21071218NF27141-A 00028525            05011900000000121553410236001000000000000000000000000000000000000000000000000000000000000000000000000000000000000000000000000000000000000000000000         00000000000000000000000MINERPHOS COM IND ZOOTECNICA N                                        000142
10200502754000654334400382050        NF27142-A                00028526            109000285263             I21071218NF27142-A 00028526            03011900000000074993410236001000000000000000000000000000000000000000000000000000000000000000000000000000000000000000000000000000000000000000000000         00000000000000000000000LAVANDERIA E TINTURARIA STYLLU                                        000143
10200502754000654334400382050        NF27142-B                00028527            109000285271             I21071218NF27142-B 00028527            03021900000000074983410236001000000000000000000000000000000000000000000000000000000000000000000000000000000000000000000000000000000000000000000000         00000000000000000000000LAVANDERIA E TINTURARIA STYLLU                                        000144
10200502754000654334400382050        NF27143-A                00028528            109000285289             I21071218NF27143-A 00028528            03011900000000100003412930601000000000000000000000000000000000000000000000000000000000000000000000000000000000000000000000000000000000000000000000         00000000000000000000000LATICINIOS SANTA LUCIA LTDA                                           000145
10200502754000654334400382050        NF27146-A                00028529            109000285297             I21071218NF27146-A 00028529            05011900000000110303410236001000000000000000000000000000000000000000000000000000000000000000000000000000000000000000000000000000000000000000000000         00000000000000000000000J M SERVICOS ESSENCIAIS LTDA -                                        000146
10200502754000654334400382050        NF27147-A                00028530            109000285305             I21071218NF27147-A 00028530            03011900000000286183410236001000000000000000000000000000000000000000000000000000000000000000000000000000000000000000000000000000000000000000000000         00000000000000000000000ALESSANDRO OGIBOWSKI                                                  000147
10200502754000654334400382050        NF27147-B                00028531            109000285313             I21071218NF27147-B 00028531            03021900000000286163410236001000000000000000000000000000000000000000000000000000000000000000000000000000000000000000000000000000000000000000000000         00000000000000000000000ALESSANDRO OGIBOWSKI                                                  000148
10200502754000654334400382050        NF27147-C                00028532            109000285321             I21071218NF27147-C 00028532            03031900000000286163410236001000000000000000000000000000000000000000000000000000000000000000000000000000000000000000000000000000000000000000000000         00000000000000000000000ALESSANDRO OGIBOWSKI                                                  000149
10200502754000654334400382050        NF27149-A                00028534            109000285347             I21071218NF27149-A 00028534            03011900000000159853412930601000000000000000000000000000000000000000000000000000000000000000000000000000000000000000000000000000000000000000000000         00000000000000000000000TREVO PALLETS ALTO PIQUIRI LTD                                        000150
10200502754000654334400382050        NF27149-B                00028535            109000285354             I21071218NF27149-B 00028535            31011900000000159833412930601000000000000000000000000000000000000000000000000000000000000000000000000000000000000000000000000000000000000000000000         00000000000000000000000TREVO PALLETS ALTO PIQUIRI LTD                                        000151
10200502754000654334400382050        NF27149-C                00028536            109000285362             I21071218NF27149-C 00028536            28021900000000159833412930601000000000000000000000000000000000000000000000000000000000000000000000000000000000000000000000000000000000000000000000         00000000000000000000000TREVO PALLETS ALTO PIQUIRI LTD                                        000152
10200502754000654334400382050        NF27150-A                00028537            109000285370             I21071218NF27150-A 00028537            08121800000001353343412930601000000000000000000000000000000000000000000000000000000000000000000000000000000000000000000000000000000000000000000000         00000000000000000000000TREVO PALLETS ALTO PIQUIRI LTD                                        000153
10200502754000654334400382050        NF27150-B                00028538            109000285388             I21071218NF27150-B 00028538            03011900000001353333412930601000000000000000000000000000000000000000000000000000000000000000000000000000000000000000000000000000000000000000000000         00000000000000000000000TREVO PALLETS ALTO PIQUIRI LTD                                        000154
10200502754000654334400382050        NF27150-C                00028539            109000285396             I21071218NF27150-C 00028539            31011900000001353333412930601000000000000000000000000000000000000000000000000000000000000000000000000000000000000000000000000000000000000000000000         00000000000000000000000TREVO PALLETS ALTO PIQUIRI LTD                                        000155
10200502754000654334400382050        NF27153-A                00028540            109000285404             I21071218NF27153-A 00028540            05011900000000110693410236001000000000000000000000000000000000000000000000000000000000000000000000000000000000000000000000000000000000000000000000         00000000000000000000000GARCEZ E SANTOS LTDA                                                  000156
10200502754000654334400382050        NF27154-A                00028541            109000285412             I21071218NF27154-A 00028541            03011900000000330003410236001000000000000000000000000000000000000000000000000000000000000000000000000000000000000000000000000000000000000000000000         00000000000000000000000GLASS POINT IMPORTACAO E EXPOR                                        000157
10200502754000654334400382050        NF27156-A                00028542            109000285420             I21071218NF27156-A 00028542            05011900000000285853410236001000000000000000000000000000000000000000000000000000000000000000000000000000000000000000000000000000000000000000000000         00000000000000000000000VICTOR HUGO CHER VALENTE                                              000158
10200502754000654334400382050        NF27157-A                00028543            109000285438             I21071218NF27157-A 00028543            05011900000000360383410236001000000000000000000000000000000000000000000000000000000000000000000000000000000000000000000000000000000000000000000000         00000000000000000000000CASA MATOS EIRELI EPP                                                 000159
10200502754000654334400382050        PD277972-A               00028544            109000285446             I21071218PD277972-A00028544            06011900000000316623410236001000000000000000000000000000000000000000000000000000000000000000000000000000000000000000000000000000000000000000000000         00000000000000000000000FERNANDA COSSI OKADA                                                  000160
10200502754000654334400382050        NF27158-A                00028545            109000285453             I21071218NF27158-A 00028545            05011900000000142003410236001000000000000000000000000000000000000000000000000000000000000000000000000000000000000000000000000000000000000000000000         00000000000000000000000JEAN CARLOS PEREIRA DOMENE                                            000161
10200502754000654334400382050        NF27161-A                00028546            109000285461             I21071218NF27161-A 00028546            05011900000000213653410236001000000000000000000000000000000000000000000000000000000000000000000000000000000000000000000000000000000000000000000000         00000000000000000000000S E S CONSTRUCOES CIVIS LTDA                                          000162
10200502754000654334400382050        NF27162-A                00028547            109000285479             I21071218NF27162-A 00028547            04011900000000092803410236001000000000000000000000000000000000000000000000000000000000000000000000000000000000000000000000000000000000000000000000         00000000000000000000000UMUARAMA COUNTRY CLUB                                                 000163
10200502754000654334400382050        NF27163-A                00028548            109000285487             I21071218NF27163-A 00028548            03011900000000101083410236001000000000000000000000000000000000000000000000000000000000000000000000000000000000000000000000000000000000000000000000         00000000000000000000000ALED COMERCIO DE MATERIAIS ELE                                        000164
10200502754000654334400382050        NF27163-B                00028549            109000285495             I21071218NF27163-B 00028549            31011900000000101083410236001000000000000000000000000000000000000000000000000000000000000000000000000000000000000000000000000000000000000000000000         00000000000000000000000ALED COMERCIO DE MATERIAIS ELE                                        000165
10200502754000654334400382050        NF27164-A                00028550            109000285503             I21071218NF27164-A 00028550            05011900000000171453410236001000000000000000000000000000000000000000000000000000000000000000000000000000000000000000000000000000000000000000000000         00000000000000000000000ADEMIR PAULINO                                                        000166
10200502754000654334400382050        NF27164-B                00028551            109000285511             I21071218NF27164-B 00028551            04021900000000171443410236001000000000000000000000000000000000000000000000000000000000000000000000000000000000000000000000000000000000000000000000         00000000000000000000000ADEMIR PAULINO                                                        000167
9201341          000000000000000000000000000000          000000000000000000000000000000                                                  000000000000000000000000000000          0000186400000095379276  07/12S008090000016600000005443460                                                                                                                                                                000168
