01REMESSA01COBRANCA       334400459007        ELETROLUZ MATERIAIS ELETRICOS 341BANCO ITAU SA  130819                                                                                                                                                                                                                                                                                                      000001
10200502754000905334400459007    0000NF006721-A               000000720000000000000109                     I01NF006721-A09091900000000421203410000001N120819100000000000000420000000000000000000000000000000000000000000000213950094000101OPCAO MATERIAIS ELETRICOS LTDA          AV.TUIUTI, 1913                         PARQUE RESID87043310MARINGA        PR                                  09091900 000002
10200502754000905334400459007    0000NF006721-B               000000730000000000000109                     I01NF006721-B16091900000000421183410000001N120819100000000000000420000000000000000000000000000000000000000000000213950094000101OPCAO MATERIAIS ELETRICOS LTDA          AV.TUIUTI, 1913                         PARQUE RESID87043310MARINGA        PR                                  16091900 000003
10200502754000905334400459007    0000NF006721-C               000000740000000000000109                     I01NF006721-C23091900000000421183410000001N120819100000000000000420000000000000000000000000000000000000000000000213950094000101OPCAO MATERIAIS ELETRICOS LTDA          AV.TUIUTI, 1913                         PARQUE RESID87043310MARINGA        PR                                  23091900 000004
10200502754000905334400459007    0000NF006721-D               000000750000000000000109                     I01NF006721-D30091900000000421183410000001N120819100000000000000420000000000000000000000000000000000000000000000213950094000101OPCAO MATERIAIS ELETRICOS LTDA          AV.TUIUTI, 1913                         PARQUE RESID87043310MARINGA        PR                                  30091900 000005
10200502754000905334400459007    0000NF006721-E               000000760000000000000109                     I01NF006721-E07101900000000421183410000001N120819100000000000000420000000000000000000000000000000000000000000000213950094000101OPCAO MATERIAIS ELETRICOS LTDA          AV.TUIUTI, 1913                         PARQUE RESID87043310MARINGA        PR                                  07101900 000006
10200502754000905334400459007    0000NF006722-A               000000770000000000000109                     I01NF006722-A09091900000000351103410000001N120819100000000000000350000000000000000000000000000000000000000000000275981993000129MICEMETAL MULLER INDUSTRIA E C          AVENIDA INDEPENDENCIA , 1020            CENTRO      85760000CAPANEMA       PR                                  09091900 000007
10200502754000905334400459007    0000NF006722-B               000000780000000000000109                     I01NF006722-B23091900000000351103410000001N120819100000000000000350000000000000000000000000000000000000000000000275981993000129MICEMETAL MULLER INDUSTRIA E C          AVENIDA INDEPENDENCIA , 1020            CENTRO      85760000CAPANEMA       PR                                  23091900 000008
10200502754000905334400459007    0000NF006722-C               000000790000000000000109                     I01NF006722-C07101900000000351103410000001N120819100000000000000350000000000000000000000000000000000000000000000275981993000129MICEMETAL MULLER INDUSTRIA E C          AVENIDA INDEPENDENCIA , 1020            CENTRO      85760000CAPANEMA       PR                                  07101900 000009
10200502754000905334400459007    0000NF006723-A               000000800000000000000109                     I01NF006723-A09091900000000748703410000001N120819100000000000000750000000000000000000000000000000000000000000000226055753000198LOUVEN & SILVA MANUTENCAO ELET          RUA MANOEL RIBAS , 93                   CENTRO      86975000MANDAGUARI     PR                                  09091900 000010
10200502754000905334400459007    0000NF006723-B               000000810000000000000109                     I01NF006723-B23091900000000748703410000001N120819100000000000000750000000000000000000000000000000000000000000000226055753000198LOUVEN & SILVA MANUTENCAO ELET          RUA MANOEL RIBAS , 93                   CENTRO      86975000MANDAGUARI     PR                                  23091900 000011
10200502754000905334400459007    0000NF006723-C               000000820000000000000109                     I01NF006723-C07101900000000748703410000001N120819100000000000000750000000000000000000000000000000000000000000000226055753000198LOUVEN & SILVA MANUTENCAO ELET          RUA MANOEL RIBAS , 93                   CENTRO      86975000MANDAGUARI     PR                                  07101900 000012
10200502754000905334400459007    0000NF006724-A               000000830000000000000109                     I01NF006724-A09091900000000293033410000001N120819100000000000000290000000000000000000000000000000000000000000000202919632000189MATERCON MATERIAL DE CONSTRUCA          RUA SOUZA NAVES, ATE 2565/2566, 357     PARQUE SAO P85803770CASCAVEL       PR                                  09091900 000013
10200502754000905334400459007    0000NF006724-B               000000840000000000000109                     I01NF006724-B23091900000000293023410000001N120819100000000000000290000000000000000000000000000000000000000000000202919632000189MATERCON MATERIAL DE CONSTRUCA          RUA SOUZA NAVES, ATE 2565/2566, 357     PARQUE SAO P85803770CASCAVEL       PR                                  23091900 000014
10200502754000905334400459007    0000NF006724-C               000000850000000000000109                     I01NF006724-C07101900000000293023410000001N120819100000000000000290000000000000000000000000000000000000000000000202919632000189MATERCON MATERIAL DE CONSTRUCA          RUA SOUZA NAVES, ATE 2565/2566, 357     PARQUE SAO P85803770CASCAVEL       PR                                  07101900 000015
10200502754000905334400459007    0000NF006727-A               000000860000000000000109                     I01NF006727-A09091900000000168933410000001N120819100000000000000170000000000000000000000000000000000000000000000222895556000126LEDS ONE COMERCIO DE MATERIAIS          AVENIDA PRUDENTE DE MORAIS, 493         ZONA ARMAZEM87020121MARINGA        PR                                  09091900 000016
10200502754000905334400459007    0000NF006727-B               000000870000000000000109                     I01NF006727-B07101900000000168923410000001N120819100000000000000170000000000000000000000000000000000000000000000222895556000126LEDS ONE COMERCIO DE MATERIAIS          AVENIDA PRUDENTE DE MORAIS, 493         ZONA ARMAZEM87020121MARINGA        PR                                  07101900 000017
10200502754000905334400459007    0000NF006732-A               000000880000000000000109                     I01NF006732-A10091900000000309213410000001N130819100000000000000310000000000000000000000000000000000000000000000220551332000171MARCOS PINHEIRO DA SILVA                AV PORTO ALEGRE, 75                     CENTRO      87930000QUERENCIA DO NOPR                                  10091900 000018
10200502754000905334400459007    0000NF006732-B               000000890000000000000109                     I01NF006732-B24091900000000309213410000001N130819100000000000000310000000000000000000000000000000000000000000000220551332000171MARCOS PINHEIRO DA SILVA                AV PORTO ALEGRE, 75                     CENTRO      87930000QUERENCIA DO NOPR                                  24091900 000019
10200502754000905334400459007    0000NF006732-C               000000900000000000000109                     I01NF006732-C08101900000000309213410000001N130819100000000000000310000000000000000000000000000000000000000000000220551332000171MARCOS PINHEIRO DA SILVA                AV PORTO ALEGRE, 75                     CENTRO      87930000QUERENCIA DO NOPR                                  08101900 000020
10200502754000905334400459007    0000NF006733-A               000000910000000000000109                     I01NF006733-A10091900000000153063410000001N130819100000000000000150000000000000000000000000000000000000000000000213950094000101OPCAO MATERIAIS ELETRICOS LTDA          AV.TUIUTI, 1913                         PARQUE RESID87043310MARINGA        PR                                  10091900 000021
10200502754000905334400459007    0000NF006737-A               000000920000000000000109                     I01NF006737-A09091900000000502073410000001N120819100000000000000500000000000000000000000000000000000000000000000210787529000150DEPOSITO CENTRAL MAUA MAT PARA          AVENIDA PONTA GROSSA, 545               CENTRO      86828000MAUA DA SERRA  PR                                  09091900 000022
10200502754000905334400459007    0000NF006737-B               000000930000000000000109                     I01NF006737-B23091900000000502053410000001N120819100000000000000500000000000000000000000000000000000000000000000210787529000150DEPOSITO CENTRAL MAUA MAT PARA          AVENIDA PONTA GROSSA, 545               CENTRO      86828000MAUA DA SERRA  PR                                  23091900 000023
10200502754000905334400459007    0000NF006737-C               000000940000000000000109                     I01NF006737-C07101900000000502053410000001N120819100000000000000500000000000000000000000000000000000000000000000210787529000150DEPOSITO CENTRAL MAUA MAT PARA          AVENIDA PONTA GROSSA, 545               CENTRO      86828000MAUA DA SERRA  PR                                  07101900 000024
10200502754000905334400459007    0000NF006740-A               000000950000000000000109                     I01NF006740-A10091900000000433533410000001N130819100000000000000430000000000000000000000000000000000000000000000222011970000125P H RONCOLATO MATERIAL ELETRIC          AV.ATLANTICA, 608                       RESIDENCIAL 87202000CIANORTE       PR                                  10091900 000025
10200502754000905334400459007    0000NF006740-B               000000960000000000000109                     I01NF006740-B08101900000000433523410000001N130819100000000000000430000000000000000000000000000000000000000000000222011970000125P H RONCOLATO MATERIAL ELETRIC          AV.ATLANTICA, 608                       RESIDENCIAL 87202000CIANORTE       PR                                  08101900 000026
10200502754000905334400459007    0000NF006741-A               000000970000000000000109                     I01NF006741-A09091900000000285243410000001N120819100000000000000290000000000000000000000000000000000000000000000230454070000180JULIO SERGIO TOBIAS                     RUA AGENOR PAZ DE ALMEIDA, 86           FIDELIS MACI84240000PIRAI DO SUL   PR                                  09091900 000027
10200502754000905334400459007    0000NF006741-B               000000980000000000000109                     I01NF006741-B23091900000000285233410000001N120819100000000000000290000000000000000000000000000000000000000000000230454070000180JULIO SERGIO TOBIAS                     RUA AGENOR PAZ DE ALMEIDA, 86           FIDELIS MACI84240000PIRAI DO SUL   PR                                  23091900 000028
10200502754000905334400459007    0000NF006741-C               000000990000000000000109                     I01NF006741-C07101900000000285233410000001N120819100000000000000290000000000000000000000000000000000000000000000230454070000180JULIO SERGIO TOBIAS                     RUA AGENOR PAZ DE ALMEIDA, 86           FIDELIS MACI84240000PIRAI DO SUL   PR                                  07101900 000029
10200502754000905334400459007    0000NF006743-A               000001000000000000000109                     I01NF006743-A10091900000000778613410000001N130819100000000000000780000000000000000000000000000000000000000000000279762514000134CONCREMAM MATERIAIS PARA CONST          AV INTERVENTOR MANOEL RIBAS, 620        CENTRO      87340000MAMBORE        PR                                  10091900 000030
10200502754000905334400459007    0000NF006743-B               000001010000000000000109                     I01NF006743-B24091900000000778603410000001N130819100000000000000780000000000000000000000000000000000000000000000279762514000134CONCREMAM MATERIAIS PARA CONST          AV INTERVENTOR MANOEL RIBAS, 620        CENTRO      87340000MAMBORE        PR                                  24091900 000031
10200502754000905334400459007    0000NF006743-C               000001020000000000000109                     I01NF006743-C08101900000000778603410000001N130819100000000000000780000000000000000000000000000000000000000000000279762514000134CONCREMAM MATERIAIS PARA CONST          AV INTERVENTOR MANOEL RIBAS, 620        CENTRO      87340000MAMBORE        PR                                  08101900 000032
10200502754000905334400459007    0000NF006744-A               000001030000000000000109                     I01NF006744-A10091900000000328573410000001N130819100000000000000330000000000000000000000000000000000000000000000209577344000132PAIOL - COM. VAREJ. DE PRODUTO          AV ROCHA POMBO, 59                      CENTRO      86790000LOBATO         PR                                  10091900 000033
10200502754000905334400459007    0000NF006744-B               000001040000000000000109                     I01NF006744-B24091900000000328573410000001N130819100000000000000330000000000000000000000000000000000000000000000209577344000132PAIOL - COM. VAREJ. DE PRODUTO          AV ROCHA POMBO, 59                      CENTRO      86790000LOBATO         PR                                  24091900 000034
10200502754000905334400459007    0000NF006747-A               000001050000000000000109                     I01NF006747-A10091900000000383763410000001N130819100000000000000380000000000000000000000000000000000000000000000205326878000135CLAUDINEI SOARES DA ROCHA & CI          RUA JARACATIA, 253                      CENTRO      87225000JAPURA         PR                                  10091900 000035
10200502754000905334400459007    0000NF006747-B               000001060000000000000109                     I01NF006747-B24091900000000383763410000001N130819100000000000000380000000000000000000000000000000000000000000000205326878000135CLAUDINEI SOARES DA ROCHA & CI          RUA JARACATIA, 253                      CENTRO      87225000JAPURA         PR                                  24091900 000036
10200502754000905334400459007    0000NF006747-C               000001070000000000000109                     I01NF006747-C08101900000000383763410000001N130819100000000000000380000000000000000000000000000000000000000000000205326878000135CLAUDINEI SOARES DA ROCHA & CI          RUA JARACATIA, 253                      CENTRO      87225000JAPURA         PR                                  08101900 000037
10200502754000905334400459007    0000NF006747-D               000001080000000000000109                     I01NF006747-D15101900000000383763410000001N130819100000000000000380000000000000000000000000000000000000000000000205326878000135CLAUDINEI SOARES DA ROCHA & CI          RUA JARACATIA, 253                      CENTRO      87225000JAPURA         PR                                  15101900 000038
10200502754000905334400459007    0000NF006747-E               000001090000000000000109                     I01NF006747-E22101900000000383763410000001N130819100000000000000380000000000000000000000000000000000000000000000205326878000135CLAUDINEI SOARES DA ROCHA & CI          RUA JARACATIA, 253                      CENTRO      87225000JAPURA         PR                                  22101900 000039
10200502754000905334400459007    0000NF006749-A               000001130000000000000109                     I01NF006749-A10091900000002528513410000001N130819100000000000002530000000000000000000000000000000000000000000000207783107000100MIGUEL ANGELO PEDROSA ME                AV. VICE-PREFEITO REGINALDO GUEDES N, 26CENTRO      84261020TELEMACO BORBA PR                                  10091900 000040
10200502754000905334400459007    0000NF006750-A               000001140000000000000109                     I01NF006750-A10091900000000371403410000001N130819100000000000000370000000000000000000000000000000000000000000000213630432000128SCOPARO & SILVA LTDA                    AV BRASIL , 1125                        CENTRO      86390000CAMBARA        PR                                  10091900 000041
10200502754000905334400459007    0000NF006750-B               000001150000000000000109                     I01NF006750-B24091900000000371393410000001N130819100000000000000370000000000000000000000000000000000000000000000213630432000128SCOPARO & SILVA LTDA                    AV BRASIL , 1125                        CENTRO      86390000CAMBARA        PR                                  24091900 000042
10200502754000905334400459007    0000NF006751-A               000001160000000000000109                     I01NF006751-A17091900000001200033410000001N130819100000000000001200000000000000000000000000000000000000000000000215452416000118CONDOMINIO EDIFICIO PLAZA MAYO          AV HORACIO RACANELO, 4840               NOVO CENTRO 87020035MARINGA        PR                                  17091900 000043
10200502754000905334400459007    0000NF006753-A               000001170000000000000109                     I01NF006753-A10091900000000427363410000001N130819100000000000000430000000000000000000000000000000000000000000000219532389000144RN BORDADOS EIRELI EPP                  R.FIRMAN NETO, 355                      VILA SAO JOS86808020APUCARANA      PR                                  10091900 000044
10200502754000905334400459007    0000NF006753-B               000001180000000000000109                     I01NF006753-B24091900000000427363410000001N130819100000000000000430000000000000000000000000000000000000000000000219532389000144RN BORDADOS EIRELI EPP                  R.FIRMAN NETO, 355                      VILA SAO JOS86808020APUCARANA      PR                                  24091900 000045
10200502754000905334400459007    0000NF006754-A               000001190000000000000109                     I01NF006754-A10091900000000241143410000001N130819100000000000000240000000000000000000000000000000000000000000000210546553000106I G DA SILVA ORTIZ E CIA LTDA           AVENIDA PARANA, 2832                    CENTRO      87750000ALTO PARANA    PR                                  10091900 000046
10200502754000905334400459007    0000NF006754-B               000001200000000000000109                     I01NF006754-B24091900000000241123410000001N130819100000000000000240000000000000000000000000000000000000000000000210546553000106I G DA SILVA ORTIZ E CIA LTDA           AVENIDA PARANA, 2832                    CENTRO      87750000ALTO PARANA    PR                                  24091900 000047
10200502754000905334400459007    0000NF006754-C               000001210000000000000109                     I01NF006754-C08101900000000241123410000001N130819100000000000000240000000000000000000000000000000000000000000000210546553000106I G DA SILVA ORTIZ E CIA LTDA           AVENIDA PARANA, 2832                    CENTRO      87750000ALTO PARANA    PR                                  08101900 000048
10200502754000905334400459007    0000NF006760-A               000001220000000000000109                     I01NF006760-A10091900000000487053410000001N130819100000000000000490000000000000000000000000000000000000000000000201256482000108DEPOSITO CONSTRULAR LTDA                AV PARANA, 1396                         CENTRO      87960000MARILENA       PR                                  10091900 000049
10200502754000905334400459007    0000NF006760-B               000001230000000000000109                     I01NF006760-B08101900000000487033410000001N130819100000000000000490000000000000000000000000000000000000000000000201256482000108DEPOSITO CONSTRULAR LTDA                AV PARANA, 1396                         CENTRO      87960000MARILENA       PR                                  08101900 000050
10200502754000905334400459007    0000NF006760-C               000001240000000000000109                     I01NF006760-C05111900000000487033410000001N130819100000000000000490000000000000000000000000000000000000000000000201256482000108DEPOSITO CONSTRULAR LTDA                AV PARANA, 1396                         CENTRO      87960000MARILENA       PR                                  05111900 000051
10200502754000905334400459007    0000NF006761-A               000001250000000000000109                     I01NF006761-A10091900000000128093410000001N130819100000000000000130000000000000000000000000000000000000000000000218119650000116ELETRO CENTER CHOPINZINHO LTDA          RUA XV DE NOVEMBRO, 4619                CENTRO      85560000CHOPINZINHO    PR                                  10091900 000052
10200502754000905334400459007    0000NF006761-B               000001260000000000000109                     I01NF006761-B24091900000000128083410000001N130819100000000000000130000000000000000000000000000000000000000000000218119650000116ELETRO CENTER CHOPINZINHO LTDA          RUA XV DE NOVEMBRO, 4619                CENTRO      85560000CHOPINZINHO    PR                                  24091900 000053
10200502754000905334400459007    0000NF006761-C               000001270000000000000109                     I01NF006761-C08101900000000128083410000001N130819100000000000000130000000000000000000000000000000000000000000000218119650000116ELETRO CENTER CHOPINZINHO LTDA          RUA XV DE NOVEMBRO, 4619                CENTRO      85560000CHOPINZINHO    PR                                  08101900 000054
10200502754000905334400459007    0000NF006762-A               000001280000000000000109                     I01NF006762-A10091900000000309033410000001N130819100000000000000310000000000000000000000000000000000000000000000216665815000120JAGUAR FORROS LTDA                      R MATILDE PESSA MATTOS, 166             VILA PINHEIR84200000JAGUARIAIVA    PR                                  10091900 000055
10200502754000905334400459007    0000NF006762-B               000001290000000000000109                     I01NF006762-B24091900000000309013410000001N130819100000000000000310000000000000000000000000000000000000000000000216665815000120JAGUAR FORROS LTDA                      R MATILDE PESSA MATTOS, 166             VILA PINHEIR84200000JAGUARIAIVA    PR                                  24091900 000056
10200502754000905334400459007    0000NF006762-C               000001300000000000000109                     I01NF006762-C08101900000000309013410000001N130819100000000000000310000000000000000000000000000000000000000000000216665815000120JAGUAR FORROS LTDA                      R MATILDE PESSA MATTOS, 166             VILA PINHEIR84200000JAGUARIAIVA    PR                                  08101900 000057
10200502754000905334400459007    0000NF006763-A               000001310000000000000109                     I01NF006763-A10091900000000435473410000001N130819100000000000000440000000000000000000000000000000000000000000000212728151000140O BARATAO MATERIAIS PARA CONST          RUA ESTEFANIO BIELA KAFKA, 43           CENTRO      84550000REBOUCAS       PR                                  10091900 000058
10200502754000905334400459007    0000NF006763-B               000001320000000000000109                     I01NF006763-B17091900000000435433410000001N130819100000000000000440000000000000000000000000000000000000000000000212728151000140O BARATAO MATERIAIS PARA CONST          RUA ESTEFANIO BIELA KAFKA, 43           CENTRO      84550000REBOUCAS       PR                                  17091900 000059
10200502754000905334400459007    0000NF006763-C               000001330000000000000109                     I01NF006763-C24091900000000435433410000001N130819100000000000000440000000000000000000000000000000000000000000000212728151000140O BARATAO MATERIAIS PARA CONST          RUA ESTEFANIO BIELA KAFKA, 43           CENTRO      84550000REBOUCAS       PR                                  24091900 000060
10200502754000905334400459007    0000NF006763-D               000001340000000000000109                     I01NF006763-D01101900000000435433410000001N130819100000000000000440000000000000000000000000000000000000000000000212728151000140O BARATAO MATERIAIS PARA CONST          RUA ESTEFANIO BIELA KAFKA, 43           CENTRO      84550000REBOUCAS       PR                                  01101900 000061
10200502754000905334400459007    0000NF006763-E               000001350000000000000109                     I01NF006763-E08101900000000435433410000001N130819100000000000000440000000000000000000000000000000000000000000000212728151000140O BARATAO MATERIAIS PARA CONST          RUA ESTEFANIO BIELA KAFKA, 43           CENTRO      84550000REBOUCAS       PR                                  08101900 000062
10200502754000905334400459007    0000NF006768-A               000001360000000000000109                     I01NF006768-A10091900000000585073410000001N130819100000000000000590000000000000000000000000000000000000000000000214275750000180M J DE MOURA E MARQUES LTDA ME          AV PARANA, 1223                         CENTRO      86870000IVAIPORA       PR                                  10091900 000063
10200502754000905334400459007    0000NF006768-B               000001370000000000000109                     I01NF006768-B24091900000000585053410000001N130819100000000000000590000000000000000000000000000000000000000000000214275750000180M J DE MOURA E MARQUES LTDA ME          AV PARANA, 1223                         CENTRO      86870000IVAIPORA       PR                                  24091900 000064
10200502754000905334400459007    0000NF006768-C               000001380000000000000109                     I01NF006768-C08101900000000585053410000001N130819100000000000000590000000000000000000000000000000000000000000000214275750000180M J DE MOURA E MARQUES LTDA ME          AV PARANA, 1223                         CENTRO      86870000IVAIPORA       PR                                  08101900 000065
10200502754000905334400459007    0000NF006772-A               000001410000000000000109                     I01NF006772-A10091900000000167873410000001N130819100000000000000170000000000000000000000000000000000000000000000202507712000127DEPOSITO DE MATERIAIS DE CONST          PCA SILVEIRO ANGELO DALLAGO, 125        CENTRO      86780000FLORIDA        PR                                  10091900 000066
10200502754000905334400459007    0000NF006772-B               000001420000000000000109                     I01NF006772-B08101900000000167873410000001N130819100000000000000170000000000000000000000000000000000000000000000202507712000127DEPOSITO DE MATERIAIS DE CONST          PCA SILVEIRO ANGELO DALLAGO, 125        CENTRO      86780000FLORIDA        PR                                  08101900 000067
10200502754000905334400459007    0000NF006775-A               000001430000000000000109                     I01NF006775-A10091900000000837473410000001N130819100000000000000840000000000000000000000000000000000000000000000219719650000110SANDRO MACIEL E CIA LTDA                AV TANCREDO NEVES, 781                  CENTRO      85780000BOA VISTA DA APPR                                  10091900 000068
10200502754000905334400459007    0000NF006775-B               000001440000000000000109                     I01NF006775-B24091900000000837453410000001N130819100000000000000840000000000000000000000000000000000000000000000219719650000110SANDRO MACIEL E CIA LTDA                AV TANCREDO NEVES, 781                  CENTRO      85780000BOA VISTA DA APPR                                  24091900 000069
10200502754000905334400459007    0000NF006775-C               000001450000000000000109                     I01NF006775-C08101900000000837453410000001N130819100000000000000840000000000000000000000000000000000000000000000219719650000110SANDRO MACIEL E CIA LTDA                AV TANCREDO NEVES, 781                  CENTRO      85780000BOA VISTA DA APPR                                  08101900 000070
10200502754000905334400459007    0000NF006775-D               000001460000000000000109                     I01NF006775-D22101900000000837453410000001N130819100000000000000840000000000000000000000000000000000000000000000219719650000110SANDRO MACIEL E CIA LTDA                AV TANCREDO NEVES, 781                  CENTRO      85780000BOA VISTA DA APPR                                  22101900 000071
10200502754000905334400459007    0000NF006776-A               000001470000000000000109                     I01NF006776-A10091900000000268183410000001N130819100000000000000270000000000000000000000000000000000000000000000220615723000102ROSANO DE ALMEIDA MATERIAIS EL          R.PEDRO SCHULTZ, 349                    CRISTO REI  85304190LARANJEIRAS DO PR                                  10091900 000072
10200502754000905334400459007    0000NF006776-B               000001480000000000000109                     I01NF006776-B24091900000000268163410000001N130819100000000000000270000000000000000000000000000000000000000000000220615723000102ROSANO DE ALMEIDA MATERIAIS EL          R.PEDRO SCHULTZ, 349                    CRISTO REI  85304190LARANJEIRAS DO PR                                  24091900 000073
10200502754000905334400459007    0000NF006776-C               000001490000000000000109                     I01NF006776-C08101900000000268163410000001N130819100000000000000270000000000000000000000000000000000000000000000220615723000102ROSANO DE ALMEIDA MATERIAIS EL          R.PEDRO SCHULTZ, 349                    CRISTO REI  85304190LARANJEIRAS DO PR                                  08101900 000074
10200502754000905334400459007    0000NF006778-A               000001530000000000000109                     I01NF006778-A10091900000000394773410000001N130819100000000000000390000000000000000000000000000000000000000000000208310467000140LUMINA COMERCIO DE MATERIAIS E          AVENIDA PARANA, 722                     CENTRO      85887000MATELANDIA     PR                                  10091900 000075
10200502754000905334400459007    0000NF006778-B               000001540000000000000109                     I01NF006778-B24091900000000536713410000001N130819100000000000000540000000000000000000000000000000000000000000000208310467000140LUMINA COMERCIO DE MATERIAIS E          AVENIDA PARANA, 722                     CENTRO      85887000MATELANDIA     PR                                  24091900 000076
10200502754000905334400459007    0000NF006778-C               000001550000000000000109                     I01NF006778-C08101900000000536713410000001N130819100000000000000540000000000000000000000000000000000000000000000208310467000140LUMINA COMERCIO DE MATERIAIS E          AVENIDA PARANA, 722                     CENTRO      85887000MATELANDIA     PR                                  08101900 000077
10200502754000905334400459007    0000NF006779-A               000001560000000000000109                     I01NF006779-A10091900000000030003410000001N130819100000000000000030000000000000000000000000000000000000000000000211983847000150VISALUZ LTDA - ME                       RUA TAMOIO, 683                         CENTRO      85501067PATO BRANCO    PR                                  10091900 000078
10200502754000905334400459007    0000NF006780-A               000001570000000000000109                     I01NF006780-A10091900000002200783410000001N130819100000000000002200000000000000000000000000000000000000000000000210845643000190OASIS CONSTRUCAO & SERVICOS LT          AVENIDA BERNARDO SAYAO, 4038            CONDOR      66065120BELEM          PA                                  10091900 000079
10200502754000905334400459007    0000NF006782-A               000001580000000000000109                     I01NF006782-A10091900000000632623410000001N130819100000000000000630000000000000000000000000000000000000000000000219895385000120RAFAEL BRASIL GANZ ME                   RUA PROFESSOR SOUZA ARAUJO, 633         CENTRO      84430000IMBITUVA       PR                                  10091900 000080
10200502754000905334400459007    0000NF006782-B               000001590000000000000109                     I01NF006782-B24091900000000632603410000001N130819100000000000000630000000000000000000000000000000000000000000000219895385000120RAFAEL BRASIL GANZ ME                   RUA PROFESSOR SOUZA ARAUJO, 633         CENTRO      84430000IMBITUVA       PR                                  24091900 000081
10200502754000905334400459007    0000NF006782-C               000001600000000000000109                     I01NF006782-C08101900000000632603410000001N130819100000000000000630000000000000000000000000000000000000000000000219895385000120RAFAEL BRASIL GANZ ME                   RUA PROFESSOR SOUZA ARAUJO, 633         CENTRO      84430000IMBITUVA       PR                                  08101900 000082
10200502754000905334400459007    0000NF006783-A               000001610000000000000109                     I01NF006783-A23081900000004381063410000001N130819100000000000004380000000000000000000000000000000000000000000000218885064000182MOTTIN MATERIAIS ELETRICOS LTD          R.PIRATINI, 1734                        CENTRO      85901010TOLEDO         PR                                  23081900 000083
10200502754000905334400459007    0000NF006784-A               000001620000000000000109                     I01NF006784-A10091900000000303563410000001N130819100000000000000300000000000000000000000000000000000000000000000278786258000152PELOZZO E OPRINI LTDA                   AV BRASIL, 22                           CENTRO      87185000FLORAI         PR                                  10091900 000084
10200502754000905334400459007    0000NF006784-B               000001630000000000000109                     I01NF006784-B24091900000000303553410000001N130819100000000000000300000000000000000000000000000000000000000000000278786258000152PELOZZO E OPRINI LTDA                   AV BRASIL, 22                           CENTRO      87185000FLORAI         PR                                  24091900 000085
10200502754000905334400459007    0000NF006784-C               000001640000000000000109                     I01NF006784-C08101900000000303553410000001N130819100000000000000300000000000000000000000000000000000000000000000278786258000152PELOZZO E OPRINI LTDA                   AV BRASIL, 22                           CENTRO      87185000FLORAI         PR                                  08101900 000086
10200502754000905334400459007    0000NF006785-A               000001650000000000000109                     I01NF006785-A10091900000000365913410000001N130819100000000000000370000000000000000000000000000000000000000000000202661806000156ODAIR BARIZAO ME                        RUA DONA ISABEL , 833                   CENTRO      87770000SAO CARLOS DO IPR                                  10091900 000087
10200502754000905334400459007    0000NF006785-B               000001660000000000000109                     I01NF006785-B24091900000000365893410000001N130819100000000000000370000000000000000000000000000000000000000000000202661806000156ODAIR BARIZAO ME                        RUA DONA ISABEL , 833                   CENTRO      87770000SAO CARLOS DO IPR                                  24091900 000088
10200502754000905334400459007    0000NF006785-C               000001670000000000000109                     I01NF006785-C08101900000000365893410000001N130819100000000000000370000000000000000000000000000000000000000000000202661806000156ODAIR BARIZAO ME                        RUA DONA ISABEL , 833                   CENTRO      87770000SAO CARLOS DO IPR                                  08101900 000089
10200502754000905334400459007    0000NF006794-A               000001700000000000000109                     I01NF006794-A10091900000000367893410000001N130819100000000000000370000000000000000000000000000000000000000000000224636638000181EMANUEL CONTIN RIBEIRO MATERIA          AVENIDA PARANA, 462                     CENTRO      84261060TELEMACO BORBA PR                                  10091900 000090
10200502754000905334400459007    0000NF006794-B               000001710000000000000109                     I01NF006794-B24091900000000367893410000001N130819100000000000000370000000000000000000000000000000000000000000000224636638000181EMANUEL CONTIN RIBEIRO MATERIA          AVENIDA PARANA, 462                     CENTRO      84261060TELEMACO BORBA PR                                  24091900 000091
10200502754000905334400459007    0000NF006794-C               000001720000000000000109                     I01NF006794-C08101900000000367893410000001N130819100000000000000370000000000000000000000000000000000000000000000224636638000181EMANUEL CONTIN RIBEIRO MATERIA          AVENIDA PARANA, 462                     CENTRO      84261060TELEMACO BORBA PR                                  08101900 000092
9                                                                                                                                                                                                                                                                                                                                                                                                         000093
