75600000         202050005000154                    0434010000002000717 PRESERVE SERVICOS ESPECIAIS LTSICOOB                                  12510201709035700000108100000                                                                     
75600011R01  040 2002050005000154                    0434010000002000717 PRESERVE SERVICOS ESPECIAIS LT                                                                                000000002510201700000000                                 
7560001300001P 010434010000002000717 000000001701016     10 22TESTE-01/03    2510201700000000000010000000 02N25102017025102017000000000000000000000000000000000000000000000000000000000000000000000                         1000   090000000000 
7560001300002Q 012002050005000154PRESERVE SERVICOS ESPECIAIS LTDA        AV. SAO DOMINGOS, 2006                  VILA MORANGUEIR87040000MARINGA        PR2002050005000154PRESERVE SERVICOS ESPECIAIS LTDA        000                            
7560001300003P 010434010000002000717 000000002401016     10 22TESTE-02/03    2511201700000000000010000000 02N25102017025112017000000000000000000000000000000000000000000000000000000000000000000000                         1000   090000000000 
7560001300004Q 012002050005000154PRESERVE SERVICOS ESPECIAIS LTDA        AV. SAO DOMINGOS, 2006                  VILA MORANGUEIR87040000MARINGA        PR2002050005000154PRESERVE SERVICOS ESPECIAIS LTDA        000                            
7560001300005P 010434010000002000717 000000003101016     10 22TESTE-03/03    2512201700000000000010000000 02N25102017025122017000000000000000000000000000000000000000000000000000000000000000000000                         1000   090000000000 
7560001300006Q 012002050005000154PRESERVE SERVICOS ESPECIAIS LTDA        AV. SAO DOMINGOS, 2006                  VILA MORANGUEIR87040000MARINGA        PR2002050005000154PRESERVE SERVICOS ESPECIAIS LTDA        000                            
75600015         00000800000300000000000000300000000000000000000000000000000000000000000000000000000000000000000000                                                                                                                             
75699999         000001000010000000                                                                                                                                                                                                             
