01REMESSA01COBRANCA       334400459007        ELETROLUZ MATERIAIS ELETRICOS 341BANCO ITAU SA  190919                                                                                                                                                                                                                                                                                                      000001
10200502754000905334400459007    0000NF009233-A               000029790000000000000109                     I01NF009233-A16101900000002284683410000001N180919100000000000002280000000000000000000000000000000000000000000000215006401000126TERA ELETRICA LTDA - ME                 RUA MANECO VIANA, 2173                  RAIA        83206250PARANAGUA      PR                                  16101900 000002
10200502754000905334400459007    0000NF009233-B               000029800000000000000109                     I01NF009233-B30101900000002284663410000001N180919100000000000002280000000000000000000000000000000000000000000000215006401000126TERA ELETRICA LTDA - ME                 RUA MANECO VIANA, 2173                  RAIA        83206250PARANAGUA      PR                                  30101900 000003
10200502754000905334400459007    0000NF009233-C               000029810000000000000109                     I01NF009233-C13111900000002284663410000001N180919100000000000002280000000000000000000000000000000000000000000000215006401000126TERA ELETRICA LTDA - ME                 RUA MANECO VIANA, 2173                  RAIA        83206250PARANAGUA      PR                                  13111900 000004
10200502754000905334400459007    0000NF009234-A               000029820000000000000109                     I01NF009234-A16101900000000287593410000001N180919100000000000000290000000000000000000000000000000000000000000000224418740000100E R CARRASCO MATERIAL ELETRICO          AVENIDA PARANA , 2078                   VILA NOVA   87900000LOANDA         PR                                  16101900 000005
10200502754000905334400459007    0000NF009234-B               000029830000000000000109                     I01NF009234-B30101900000000287573410000001N180919100000000000000290000000000000000000000000000000000000000000000224418740000100E R CARRASCO MATERIAL ELETRICO          AVENIDA PARANA , 2078                   VILA NOVA   87900000LOANDA         PR                                  30101900 000006
10200502754000905334400459007    0000NF009234-C               000029840000000000000109                     I01NF009234-C13111900000000287573410000001N180919100000000000000290000000000000000000000000000000000000000000000224418740000100E R CARRASCO MATERIAL ELETRICO          AVENIDA PARANA , 2078                   VILA NOVA   87900000LOANDA         PR                                  13111900 000007
10200502754000905334400459007    0000NF009238-A               000029850000000000000109                     I01NF009238-A16101900000000321923410000001N180919100000000000000320000000000000000000000000000000000000000000000213962163000105CRISTIANO GUGEL                         RUA MIGUEL PREVEDELLO, 285              CENTRO      85790000CAPITAO LEONIDAPR                                  16101900 000008
10200502754000905334400459007    0000NF009238-B               000029860000000000000109                     I01NF009238-B30101900000000321913410000001N180919100000000000000320000000000000000000000000000000000000000000000213962163000105CRISTIANO GUGEL                         RUA MIGUEL PREVEDELLO, 285              CENTRO      85790000CAPITAO LEONIDAPR                                  30101900 000009
10200502754000905334400459007    0000NF009238-C               000029870000000000000109                     I01NF009238-C13111900000000321913410000001N180919100000000000000320000000000000000000000000000000000000000000000213962163000105CRISTIANO GUGEL                         RUA MIGUEL PREVEDELLO, 285              CENTRO      85790000CAPITAO LEONIDAPR                                  13111900 000010
10200502754000905334400459007    0000NF009242-A               000029880000000000000109                     I01NF009242-A16101900000001252323410000001N180919100000000000001250000000000000000000000000000000000000000000000206220631000100G.A. DE ARRUDA & CIA LTDA               AV GOVERNADOR MOISES LUPION , 553       CENTRO      85415000CAFELANDIA     PR                                  16101900 000011
10200502754000905334400459007    0000NF009242-B               000029890000000000000109                     I01NF009242-B23101900000001252283410000001N180919100000000000001250000000000000000000000000000000000000000000000206220631000100G.A. DE ARRUDA & CIA LTDA               AV GOVERNADOR MOISES LUPION , 553       CENTRO      85415000CAFELANDIA     PR                                  23101900 000012
10200502754000905334400459007    0000NF009242-C               000029900000000000000109                     I01NF009242-C30101900000001252283410000001N180919100000000000001250000000000000000000000000000000000000000000000206220631000100G.A. DE ARRUDA & CIA LTDA               AV GOVERNADOR MOISES LUPION , 553       CENTRO      85415000CAFELANDIA     PR                                  30101900 000013
10200502754000905334400459007    0000NF009242-D               000029910000000000000109                     I01NF009242-D06111900000001252283410000001N180919100000000000001250000000000000000000000000000000000000000000000206220631000100G.A. DE ARRUDA & CIA LTDA               AV GOVERNADOR MOISES LUPION , 553       CENTRO      85415000CAFELANDIA     PR                                  06111900 000014
10200502754000905334400459007    0000NF009242-E               000029920000000000000109                     I01NF009242-E13111900000001252283410000001N180919100000000000001250000000000000000000000000000000000000000000000206220631000100G.A. DE ARRUDA & CIA LTDA               AV GOVERNADOR MOISES LUPION , 553       CENTRO      85415000CAFELANDIA     PR                                  13111900 000015
10200502754000905334400459007    0000NF009243-A               000029930000000000000109                     I01NF009243-A16101900000000589633410000001N180919100000000000000590000000000000000000000000000000000000000000000272541352000165COMERCIO DE PRODUTOS AGROP ALM          AV MANOEL RIBAS, S/N                    CENTRO      84620000CRUZ MACHADO   PR                                  16101900 000016
10200502754000905334400459007    0000NF009243-B               000029940000000000000109                     I01NF009243-B23101900000000589633410000001N180919100000000000000590000000000000000000000000000000000000000000000272541352000165COMERCIO DE PRODUTOS AGROP ALM          AV MANOEL RIBAS, S/N                    CENTRO      84620000CRUZ MACHADO   PR                                  23101900 000017
10200502754000905334400459007    0000NF009243-C               000029950000000000000109                     I01NF009243-C30101900000000589633410000001N180919100000000000000590000000000000000000000000000000000000000000000272541352000165COMERCIO DE PRODUTOS AGROP ALM          AV MANOEL RIBAS, S/N                    CENTRO      84620000CRUZ MACHADO   PR                                  30101900 000018
10200502754000905334400459007    0000NF009243-D               000029960000000000000109                     I01NF009243-D06111900000000589633410000001N180919100000000000000590000000000000000000000000000000000000000000000272541352000165COMERCIO DE PRODUTOS AGROP ALM          AV MANOEL RIBAS, S/N                    CENTRO      84620000CRUZ MACHADO   PR                                  06111900 000019
10200502754000905334400459007    0000NF009243-E               000029970000000000000109                     I01NF009243-E13111900000000589633410000001N180919100000000000000590000000000000000000000000000000000000000000000272541352000165COMERCIO DE PRODUTOS AGROP ALM          AV MANOEL RIBAS, S/N                    CENTRO      84620000CRUZ MACHADO   PR                                  13111900 000020
10200502754000905334400459007    0000NF009244-A               000029980000000000000109                     I01NF009244-A16101900000000367693410000001N180919100000000000000370000000000000000000000000000000000000000000000213019868000185BARRUECO SOUZA & SOUZA LTDA             RUA IGUACU, 377                         CENTRO      86160000PORECATU       PR                                  16101900 000021
10200502754000905334400459007    0000NF009244-B               000029990000000000000109                     I01NF009244-B30101900000000367693410000001N180919100000000000000370000000000000000000000000000000000000000000000213019868000185BARRUECO SOUZA & SOUZA LTDA             RUA IGUACU, 377                         CENTRO      86160000PORECATU       PR                                  30101900 000022
10200502754000905334400459007    0000NF009244-C               000030000000000000000109                     I01NF009244-C13111900000000367693410000001N180919100000000000000370000000000000000000000000000000000000000000000213019868000185BARRUECO SOUZA & SOUZA LTDA             RUA IGUACU, 377                         CENTRO      86160000PORECATU       PR                                  13111900 000023
10200502754000905334400459007    0000NF009248-A               000030010000000000000109                     I01NF009248-A16101900000000215743410000001N180919100000000000000220000000000000000000000000000000000000000000000221429326000109MARCOS R. BARBOSA & SCARPETA L          AV. PRESIDENTE GETULIO VARGAS, 434      CENTRO      86730000ASTORGA        PR                                  16101900 000024
10200502754000905334400459007    0000NF009248-B               000030020000000000000109                     I01NF009248-B13111900000000215743410000001N180919100000000000000220000000000000000000000000000000000000000000000221429326000109MARCOS R. BARBOSA & SCARPETA L          AV. PRESIDENTE GETULIO VARGAS, 434      CENTRO      86730000ASTORGA        PR                                  13111900 000025
10200502754000905334400459007    0000NF009266-A               000030030000000000000109                     I01NF009266-A17101900000000466013410000001N190919100000000000000470000000000000000000000000000000000000000000000225110409000191JR MARILUZ MATERIAL DE CONSTRU          RUA RYO URATANI, 148                    CENTRO      87470000MARILUZ        PR                                  17101900 000026
10200502754000905334400459007    0000NF009266-B               000030040000000000000109                     I01NF009266-B31101900000000465993410000001N190919100000000000000470000000000000000000000000000000000000000000000225110409000191JR MARILUZ MATERIAL DE CONSTRU          RUA RYO URATANI, 148                    CENTRO      87470000MARILUZ        PR                                  31101900 000027
10200502754000905334400459007    0000NF009266-C               000030050000000000000109                     I01NF009266-C14111900000000465993410000001N190919100000000000000470000000000000000000000000000000000000000000000225110409000191JR MARILUZ MATERIAL DE CONSTRU          RUA RYO URATANI, 148                    CENTRO      87470000MARILUZ        PR                                  14111900 000028
10200502754000905334400459007    0000NF009268-A               000030060000000000000109                     I01NF009268-A17101900000001200943410000001N190919100000000000001200000000000000000000000000000000000000000000000277143402000170HERBERT MATERIAIS PARA CONSTRU          RUA PROFESSOR CLETO, 170                CENTRO      84600140UNIAO DA VITORIPR                                  17101900 000029
10200502754000905334400459007    0000NF009268-B               000030070000000000000109                     I01NF009268-B31101900000001200933410000001N190919100000000000001200000000000000000000000000000000000000000000000277143402000170HERBERT MATERIAIS PARA CONSTRU          RUA PROFESSOR CLETO, 170                CENTRO      84600140UNIAO DA VITORIPR                                  31101900 000030
10200502754000905334400459007    0000NF009268-C               000030080000000000000109                     I01NF009268-C14111900000001200933410000001N190919100000000000001200000000000000000000000000000000000000000000000277143402000170HERBERT MATERIAIS PARA CONSTRU          RUA PROFESSOR CLETO, 170                CENTRO      84600140UNIAO DA VITORIPR                                  14111900 000031
10200502754000905334400459007    0000NF009277-A               000030090000000000000109                     I01NF009277-A17101900000000250183410000001N190919100000000000000250000000000000000000000000000000000000000000000207415012000126EXTINTORES PARANA LTDA                  AV COLOMBO, 4026                        ZONA 07     87030120MARINGA        PR                                  17101900 000032
10200502754000905334400459007    0000NF009277-B               000030100000000000000109                     I01NF009277-B14111900000000250183410000001N190919100000000000000250000000000000000000000000000000000000000000000207415012000126EXTINTORES PARANA LTDA                  AV COLOMBO, 4026                        ZONA 07     87030120MARINGA        PR                                  14111900 000033
10200502754000905334400459007    0000NF009279-A               000030130000000000000109                     I01NF009279-A17101900000000263343410000001N190919100000000000000260000000000000000000000000000000000000000000000229525522000199THIAGO SEGANTIN EIRELI                  AVENIDA MARECHAL FLORIANO PEIXOTO, 279  SOCOMIM     84269000TELEMACO BORBA PR                                  17101900 000034
10200502754000905334400459007    0000NF009279-B               000030140000000000000109                     I01NF009279-B31101900000000263343410000001N190919100000000000000260000000000000000000000000000000000000000000000229525522000199THIAGO SEGANTIN EIRELI                  AVENIDA MARECHAL FLORIANO PEIXOTO, 279  SOCOMIM     84269000TELEMACO BORBA PR                                  31101900 000035
10200502754000905334400459007    0000NF009279-C               000030150000000000000109                     I01NF009279-C14111900000000263343410000001N190919100000000000000260000000000000000000000000000000000000000000000229525522000199THIAGO SEGANTIN EIRELI                  AVENIDA MARECHAL FLORIANO PEIXOTO, 279  SOCOMIM     84269000TELEMACO BORBA PR                                  14111900 000036
10200502754000905334400459007    0000NF009280-A               000030110000000000000109                     I01NF009280-A17101900000000375653410000001N190919100000000000000380000000000000000000000000000000000000000000000204050838000140TOMIURA & TOMIURA LTDA                  AV.LUCILIO DE HELD, 1175                PORTAL DOS R86076110LONDRINA       PR                                  17101900 000037
10200502754000905334400459007    0000NF009280-B               000030120000000000000109                     I01NF009280-B31101900000000375643410000001N190919100000000000000380000000000000000000000000000000000000000000000204050838000140TOMIURA & TOMIURA LTDA                  AV.LUCILIO DE HELD, 1175                PORTAL DOS R86076110LONDRINA       PR                                  31101900 000038
10200502754000905334400459007    0000NF009281-A               000030160000000000000109                     I01NF009281-A17101900000000729333410000001N190919100000000000000730000000000000000000000000000000000000000000000205764620000110CRISTIANO PILGER & CIA LTDA             AVENIDA GRAMADO, 3890                   PARQUE RESID85862240FOZ DO IGUACU  PR                                  17101900 000039
10200502754000905334400459007    0000NF009282-A               000030170000000000000109                     I01NF009282-A17101900000000395763410000001N190919100000000000000400000000000000000000000000000000000000000000000219563119000109NATHALIA ROSANA CARARO MULLER           RUA SAO GABRIEL , 379                   CENTRO      85940000QUATRO PONTES  PR                                  17101900 000040
10200502754000905334400459007    0000NF009282-B               000030180000000000000109                     I01NF009282-B31101900000000395763410000001N190919100000000000000400000000000000000000000000000000000000000000000219563119000109NATHALIA ROSANA CARARO MULLER           RUA SAO GABRIEL , 379                   CENTRO      85940000QUATRO PONTES  PR                                  31101900 000041
10200502754000905334400459007    0000NF009282-C               000030190000000000000109                     I01NF009282-C14111900000000395763410000001N190919100000000000000400000000000000000000000000000000000000000000000219563119000109NATHALIA ROSANA CARARO MULLER           RUA SAO GABRIEL , 379                   CENTRO      85940000QUATRO PONTES  PR                                  14111900 000042
10200502754000905334400459007    0000NF009288-A               000030200000000000000109                     I01NF009288-A17101900000000881213410000001N190919100000000000000880000000000000000000000000000000000000000000000210712409000194BIG CASA MOVEIS E MAT PARA CON          AV DES MUNHOZ DE MELLO, 102             CENTRO      85415000CAFELANDIA     PR                                  17101900 000043
10200502754000905334400459007    0000NF009288-B               000030210000000000000109                     I01NF009288-B31101900000000881213410000001N190919100000000000000880000000000000000000000000000000000000000000000210712409000194BIG CASA MOVEIS E MAT PARA CON          AV DES MUNHOZ DE MELLO, 102             CENTRO      85415000CAFELANDIA     PR                                  31101900 000044
10200502754000905334400459007    0000NF009288-C               000030220000000000000109                     I01NF009288-C14111900000000881213410000001N190919100000000000000880000000000000000000000000000000000000000000000210712409000194BIG CASA MOVEIS E MAT PARA CON          AV DES MUNHOZ DE MELLO, 102             CENTRO      85415000CAFELANDIA     PR                                  14111900 000045
10200502754000905334400459007    0000NF009291-A               000030230000000000000109                     I01NF009291-A16101900000000330663410000001N180919100000000000000330000000000000000000000000000000000000000000000220263012000116PAULO FRANCISCO FERREIRA - ME           AV SETE DE SETEMBRO, 490                CENTRO      86910000MARUMBI        PR                                  16101900 000046
10200502754000905334400459007    0000NF009291-B               000030240000000000000109                     I01NF009291-B30101900000000330643410000001N180919100000000000000330000000000000000000000000000000000000000000000220263012000116PAULO FRANCISCO FERREIRA - ME           AV SETE DE SETEMBRO, 490                CENTRO      86910000MARUMBI        PR                                  30101900 000047
10200502754000905334400459007    0000NF009291-C               000030250000000000000109                     I01NF009291-C13111900000000330643410000001N180919100000000000000330000000000000000000000000000000000000000000000220263012000116PAULO FRANCISCO FERREIRA - ME           AV SETE DE SETEMBRO, 490                CENTRO      86910000MARUMBI        PR                                  13111900 000048
10200502754000905334400459007    0000NF009292-A               000030260000000000000109                     I01NF009292-A17101900000000267813410000001N190919100000000000000270000000000000000000000000000000000000000000000204985585000105CV MATERIAIS ELETRICOS LTDA ME          AVENIDA BRASIL, 8553                    COQUEIRAL   85807030CASCAVEL       PR                                  17101900 000049
10200502754000905334400459007    0000NF009292-B               000030270000000000000109                     I01NF009292-B31101900000000267813410000001N190919100000000000000270000000000000000000000000000000000000000000000204985585000105CV MATERIAIS ELETRICOS LTDA ME          AVENIDA BRASIL, 8553                    COQUEIRAL   85807030CASCAVEL       PR                                  31101900 000050
10200502754000905334400459007    0000NF009292-C               000030280000000000000109                     I01NF009292-C14111900000000267813410000001N190919100000000000000270000000000000000000000000000000000000000000000204985585000105CV MATERIAIS ELETRICOS LTDA ME          AVENIDA BRASIL, 8553                    COQUEIRAL   85807030CASCAVEL       PR                                  14111900 000051
10200502754000905334400459007    0000NF009293-A               000030290000000000000109                     I01NF009293-A17101900000000215613410000001N190919100000000000000220000000000000000000000000000000000000000000000209605680000141MACROLAR MATERIAIS PARA CONSTR          RUA DOMINGOS LUIZ DE SIQUEIRA, 138      CENTRO      84930000JABOTI         PR                                  17101900 000052
10200502754000905334400459007    0000NF009293-B               000030300000000000000109                     I01NF009293-B31101900000000215603410000001N190919100000000000000220000000000000000000000000000000000000000000000209605680000141MACROLAR MATERIAIS PARA CONSTR          RUA DOMINGOS LUIZ DE SIQUEIRA, 138      CENTRO      84930000JABOTI         PR                                  31101900 000053
10200502754000905334400459007    0000NF009293-C               000030310000000000000109                     I01NF009293-C14111900000000215603410000001N190919100000000000000220000000000000000000000000000000000000000000000209605680000141MACROLAR MATERIAIS PARA CONSTR          RUA DOMINGOS LUIZ DE SIQUEIRA, 138      CENTRO      84930000JABOTI         PR                                  14111900 000054
10200502754000905334400459007    0000NF009295-A               000030320000000000000109                     I01NF009295-A17101900000000263663410000001N190919100000000000000260000000000000000000000000000000000000000000000202719834000187CONSTRUTORA TRANSAMERICA LTDA           AV XV DE NOVEMBRO, 696/SALA 02, 0       CENTRO      87013230MARINGA        PR                                  17101900 000055
10200502754000905334400459007    0000NF009302-A               000030330000000000000109                     I01NF009302-A17101900000000257513410000001N190919100000000000000260000000000000000000000000000000000000000000000214702920000166RODRIGUES & LIMA FERRAGENS E F          AV SAO PAULO, 761                       CENTRO      87890000TERRA RICA     PR                                  17101900 000056
10200502754000905334400459007    0000NF009302-B               000030340000000000000109                     I01NF009302-B31101900000000257513410000001N190919100000000000000260000000000000000000000000000000000000000000000214702920000166RODRIGUES & LIMA FERRAGENS E F          AV SAO PAULO, 761                       CENTRO      87890000TERRA RICA     PR                                  31101900 000057
10200502754000905334400459007    0000NF009302-C               000030350000000000000109                     I01NF009302-C14111900000000257513410000001N190919100000000000000260000000000000000000000000000000000000000000000214702920000166RODRIGUES & LIMA FERRAGENS E F          AV SAO PAULO, 761                       CENTRO      87890000TERRA RICA     PR                                  14111900 000058
10200502754000905334400459007    0000NF009307-A               000030360000000000000109                     I01NF009307-A17101900000000288363410000001N190919100000000000000290000000000000000000000000000000000000000000000215071854000136M. FACHIN & D. FACHIN LTDA              RUA PADRE NOBREGA, 120                  ESTRELA     84040090PONTA GROSSA   PR                                  17101900 000059
10200502754000905334400459007    0000NF009307-B               000030370000000000000109                     I01NF009307-B31101900000000288363410000001N190919100000000000000290000000000000000000000000000000000000000000000215071854000136M. FACHIN & D. FACHIN LTDA              RUA PADRE NOBREGA, 120                  ESTRELA     84040090PONTA GROSSA   PR                                  31101900 000060
10200502754000905334400459007    0000NF009307-C               000030380000000000000109                     I01NF009307-C14111900000000288363410000001N190919100000000000000290000000000000000000000000000000000000000000000215071854000136M. FACHIN & D. FACHIN LTDA              RUA PADRE NOBREGA, 120                  ESTRELA     84040090PONTA GROSSA   PR                                  14111900 000061
10200502754000905334400459007    0000NF009311-A               000030440000000000000109                     I01NF009311-A17101900000000785603410000001N190919100000000000000790000000000000000000000000000000000000000000000205294648000131GOBI MATERIAIS DE CONSTRUCAO L          RUA ASSIS FIGUEIREDO, 725               GUAIRA      80630280CURITIBA       PR                                  17101900 000062
10200502754000905334400459007    0000NF009311-B               000030450000000000000109                     I01NF009311-B14111900000000785603410000001N190919100000000000000790000000000000000000000000000000000000000000000205294648000131GOBI MATERIAIS DE CONSTRUCAO L          RUA ASSIS FIGUEIREDO, 725               GUAIRA      80630280CURITIBA       PR                                  14111900 000063
10200502754000905334400459007    0000NF009311-C               000030460000000000000109                     I01NF009311-C12121900000000785603410000001N190919100000000000000790000000000000000000000000000000000000000000000205294648000131GOBI MATERIAIS DE CONSTRUCAO L          RUA ASSIS FIGUEIREDO, 725               GUAIRA      80630280CURITIBA       PR                                  12121900 000064
10200502754000905334400459007    0000NF009317-A               000030470000000000000109                     I01NF009317-A17101900000000474303410000001N190919100000000000000470000000000000000000000000000000000000000000000205401121000169N A N OLIVEIRA - MAT P/ CONSTR          AV BENTO MUNHOZ DA ROCHA NETO, 1453     SANTA CASA  87360000GOIOERE        PR                                  17101900 000065
10200502754000905334400459007    0000NF009317-B               000030480000000000000109                     I01NF009317-B31101900000000474293410000001N190919100000000000000470000000000000000000000000000000000000000000000205401121000169N A N OLIVEIRA - MAT P/ CONSTR          AV BENTO MUNHOZ DA ROCHA NETO, 1453     SANTA CASA  87360000GOIOERE        PR                                  31101900 000066
10200502754000905334400459007    0000NF009320-A               000030490000000000000109                     I01NF009320-A17101900000000479353410000001N190919100000000000000480000000000000000000000000000000000000000000000208049947000107M A RUZZA RISSARDI ELETICA              RUA SETE DE SETEMBRO, 379               CENTRO      85530000CLEVELANDIA    PR                                  17101900 000067
10200502754000905334400459007    0000NF009320-B               000030500000000000000109                     I01NF009320-B31101900000000479353410000001N190919100000000000000480000000000000000000000000000000000000000000000208049947000107M A RUZZA RISSARDI ELETICA              RUA SETE DE SETEMBRO, 379               CENTRO      85530000CLEVELANDIA    PR                                  31101900 000068
10200502754000905334400459007    0000NF009320-C               000030510000000000000109                     I01NF009320-C14111900000000479353410000001N190919100000000000000480000000000000000000000000000000000000000000000208049947000107M A RUZZA RISSARDI ELETICA              RUA SETE DE SETEMBRO, 379               CENTRO      85530000CLEVELANDIA    PR                                  14111900 000069
10200502754000905334400459007    0000NF009327-A               000030520000000000000109                     I01NF009327-A17101900000000384153410000001N190919100000000000000380000000000000000000000000000000000000000000000280833452000193ELETRO NICOLAU MATERIAIS PARA           AVENIDA SANTOS DUMONT , 264             CENTRO      86200000IBIPORA        PR                                  17101900 000070
10200502754000905334400459007    0000NF009327-B               000030530000000000000109                     I01NF009327-B31101900000000384143410000001N190919100000000000000380000000000000000000000000000000000000000000000280833452000193ELETRO NICOLAU MATERIAIS PARA           AVENIDA SANTOS DUMONT , 264             CENTRO      86200000IBIPORA        PR                                  31101900 000071
9                                                                                                                                                                                                                                                                                                                                                                                                         000072
