01REMESSA01COBRANCA       334400459007        ELETROLUZ MATERIAIS ELETRICOS 341BANCO ITAU SA  270819                                                                                                                                                                                                                                                                                                      000001
10200502754000905334400459007    0000NF007619-A               000011070000000000000109                     I01NF007619-A23091900000000055143410000001N260819100000000000000060000000000000000000000000000000000000000000000210693634000120EDSON ADRIANO DE VARGAS & CIA           RUA MANOEL , 2550                       CENTRO      85140000CANDOI         PR                                  23091900 000002
10200502754000905334400459007    0000NF007619-B               000011080000000000000109                     I01NF007619-B07101900000000055133410000001N260819100000000000000060000000000000000000000000000000000000000000000210693634000120EDSON ADRIANO DE VARGAS & CIA           RUA MANOEL , 2550                       CENTRO      85140000CANDOI         PR                                  07101900 000003
10200502754000905334400459007    0000NF007619-C               000011090000000000000109                     I01NF007619-C21101900000000055133410000001N260819100000000000000060000000000000000000000000000000000000000000000210693634000120EDSON ADRIANO DE VARGAS & CIA           RUA MANOEL , 2550                       CENTRO      85140000CANDOI         PR                                  21101900 000004
10200502754000905334400459007    0000NF007620-A               000011100000000000000109                     I01NF007620-A23091900000000311783410000001N260819100000000000000310000000000000000000000000000000000000000000000230454070000180JULIO SERGIO TOBIAS                     RUA AGENOR PAZ DE ALMEIDA, 86           FIDELIS MACI84240000PIRAI DO SUL   PR                                  23091900 000005
10200502754000905334400459007    0000NF007620-B               000011110000000000000109                     I01NF007620-B07101900000000311783410000001N260819100000000000000310000000000000000000000000000000000000000000000230454070000180JULIO SERGIO TOBIAS                     RUA AGENOR PAZ DE ALMEIDA, 86           FIDELIS MACI84240000PIRAI DO SUL   PR                                  07101900 000006
10200502754000905334400459007    0000NF007620-C               000011120000000000000109                     I01NF007620-C21101900000000311783410000001N260819100000000000000310000000000000000000000000000000000000000000000230454070000180JULIO SERGIO TOBIAS                     RUA AGENOR PAZ DE ALMEIDA, 86           FIDELIS MACI84240000PIRAI DO SUL   PR                                  21101900 000007
10200502754000905334400459007    0000NF007621-A               000011130000000000000109                     I01NF007621-A23091900000000342063410000001N260819100000000000000340000000000000000000000000000000000000000000000210693634000120EDSON ADRIANO DE VARGAS & CIA           RUA MANOEL , 2550                       CENTRO      85140000CANDOI         PR                                  23091900 000008
10200502754000905334400459007    0000NF007621-B               000011140000000000000109                     I01NF007621-B07101900000000342063410000001N260819100000000000000340000000000000000000000000000000000000000000000210693634000120EDSON ADRIANO DE VARGAS & CIA           RUA MANOEL , 2550                       CENTRO      85140000CANDOI         PR                                  07101900 000009
10200502754000905334400459007    0000NF007621-C               000011150000000000000109                     I01NF007621-C21101900000000342063410000001N260819100000000000000340000000000000000000000000000000000000000000000210693634000120EDSON ADRIANO DE VARGAS & CIA           RUA MANOEL , 2550                       CENTRO      85140000CANDOI         PR                                  21101900 000010
10200502754000905334400459007    0000NF007626-A               000011160000000000000109                     I01NF007626-A23091900000000359823410000001N260819100000000000000360000000000000000000000000000000000000000000000218921865000156ENIO R. M. STAINE MATERIAIS DE          ROD BR 158 KM 39, S/N                   CENTRO      85168000MARQUINHO      PR                                  23091900 000011
10200502754000905334400459007    0000NF007626-B               000011170000000000000109                     I01NF007626-B30091900000000359793410000001N260819100000000000000360000000000000000000000000000000000000000000000218921865000156ENIO R. M. STAINE MATERIAIS DE          ROD BR 158 KM 39, S/N                   CENTRO      85168000MARQUINHO      PR                                  30091900 000012
10200502754000905334400459007    0000NF007626-C               000011180000000000000109                     I01NF007626-C07101900000000359793410000001N260819100000000000000360000000000000000000000000000000000000000000000218921865000156ENIO R. M. STAINE MATERIAIS DE          ROD BR 158 KM 39, S/N                   CENTRO      85168000MARQUINHO      PR                                  07101900 000013
10200502754000905334400459007    0000NF007626-D               000011190000000000000109                     I01NF007626-D14101900000000359793410000001N260819100000000000000360000000000000000000000000000000000000000000000218921865000156ENIO R. M. STAINE MATERIAIS DE          ROD BR 158 KM 39, S/N                   CENTRO      85168000MARQUINHO      PR                                  14101900 000014
10200502754000905334400459007    0000NF007626-E               000011200000000000000109                     I01NF007626-E21101900000000359793410000001N260819100000000000000360000000000000000000000000000000000000000000000218921865000156ENIO R. M. STAINE MATERIAIS DE          ROD BR 158 KM 39, S/N                   CENTRO      85168000MARQUINHO      PR                                  21101900 000015
10200502754000905334400459007    0000NF007627-A               000011210000000000000109                     I01NF007627-A23091900000000278873410000001N260819100000000000000280000000000000000000000000000000000000000000000211983847000150VISALUZ LTDA - ME                       RUA TAMOIO, 683                         CENTRO      85501067PATO BRANCO    PR                                  23091900 000016
10200502754000905334400459007    0000NF007627-B               000011220000000000000109                     I01NF007627-B07101900000000278863410000001N260819100000000000000280000000000000000000000000000000000000000000000211983847000150VISALUZ LTDA - ME                       RUA TAMOIO, 683                         CENTRO      85501067PATO BRANCO    PR                                  07101900 000017
10200502754000905334400459007    0000NF007627-C               000011230000000000000109                     I01NF007627-C21101900000000278863410000001N260819100000000000000280000000000000000000000000000000000000000000000211983847000150VISALUZ LTDA - ME                       RUA TAMOIO, 683                         CENTRO      85501067PATO BRANCO    PR                                  21101900 000018
10200502754000905334400459007    0000NF007628-A               000011240000000000000109                     I01NF007628-A23091900000000942833410000001N260819100000000000000940000000000000000000000000000000000000000000000228719945000187GIOVANE DE FREITAS RAMOS                RUA DOMINGOS PENEDA, 579                ESTRADINHA  83206440PARANAGUA      PR                                  23091900 000019
10200502754000905334400459007    0000NF007628-B               000011250000000000000109                     I01NF007628-B07101900000000942833410000001N260819100000000000000940000000000000000000000000000000000000000000000228719945000187GIOVANE DE FREITAS RAMOS                RUA DOMINGOS PENEDA, 579                ESTRADINHA  83206440PARANAGUA      PR                                  07101900 000020
10200502754000905334400459007    0000NF007628-C               000011260000000000000109                     I01NF007628-C21101900000000942833410000001N260819100000000000000940000000000000000000000000000000000000000000000228719945000187GIOVANE DE FREITAS RAMOS                RUA DOMINGOS PENEDA, 579                ESTRADINHA  83206440PARANAGUA      PR                                  21101900 000021
10200502754000905334400459007    0000NF007629-A               000011270000000000000109                     I01NF007629-A23091900000000389853410000001N260819100000000000000390000000000000000000000000000000000000000000000207856078000151SIDNEI FIEBIK DE PAULA                  RUA PRINCIPAL , S/N                     CENTRO      85230000SANTA MARIA DO PR                                  23091900 000022
10200502754000905334400459007    0000NF007629-B               000011280000000000000109                     I01NF007629-B21101900000000389843410000001N260819100000000000000390000000000000000000000000000000000000000000000207856078000151SIDNEI FIEBIK DE PAULA                  RUA PRINCIPAL , S/N                     CENTRO      85230000SANTA MARIA DO PR                                  21101900 000023
10200502754000905334400459007    0000NF007630-A               000011290000000000000109                     I01NF007630-A23091900000000238633410000001N260819100000000000000240000000000000000000000000000000000000000000000100002781734977JULIO CESAR DE OLIVEIRA                 AV. BRASIL, 798                         CENTRO      87600000NOVA ESPERANCA PR                                  23091900 000024
10200502754000905334400459007    0000NF007630-B               000011300000000000000109                     I01NF007630-B07101900000000238633410000001N260819100000000000000240000000000000000000000000000000000000000000000100002781734977JULIO CESAR DE OLIVEIRA                 AV. BRASIL, 798                         CENTRO      87600000NOVA ESPERANCA PR                                  07101900 000025
10200502754000905334400459007    0000NF007630-C               000011310000000000000109                     I01NF007630-C21101900000000238633410000001N260819100000000000000240000000000000000000000000000000000000000000000100002781734977JULIO CESAR DE OLIVEIRA                 AV. BRASIL, 798                         CENTRO      87600000NOVA ESPERANCA PR                                  21101900 000026
10200502754000905334400459007    0000NF007631-A               000011320000000000000109                     I01NF007631-A23091900000000420223410000001N260819100000000000000420000000000000000000000000000000000000000000000227168162000190KLEBER DA CONCEICAO 0330914995          RUA VEREADOR ANTONIO POZZAN, 684        CENTRO SALA 85950000PALOTINA       PR                                  23091900 000027
10200502754000905334400459007    0000NF007631-B               000011330000000000000109                     I01NF007631-B07101900000000420213410000001N260819100000000000000420000000000000000000000000000000000000000000000227168162000190KLEBER DA CONCEICAO 0330914995          RUA VEREADOR ANTONIO POZZAN, 684        CENTRO SALA 85950000PALOTINA       PR                                  07101900 000028
10200502754000905334400459007    0000NF007631-C               000011340000000000000109                     I01NF007631-C21101900000000420213410000001N260819100000000000000420000000000000000000000000000000000000000000000227168162000190KLEBER DA CONCEICAO 0330914995          RUA VEREADOR ANTONIO POZZAN, 684        CENTRO SALA 85950000PALOTINA       PR                                  21101900 000029
10200502754000905334400459007    0000NF007632-A               000011350000000000000109                     I01NF007632-A23091900000000878183410000001N260819100000000000000880000000000000000000000000000000000000000000000204789359000140ELETRICA COSTA OESTE LTDA               AV MARIPA, 270                          CENTRO      85960000MARECHAL CANDIDPR                                  23091900 000030
10200502754000905334400459007    0000NF007632-B               000011360000000000000109                     I01NF007632-B07101900000000878163410000001N260819100000000000000880000000000000000000000000000000000000000000000204789359000140ELETRICA COSTA OESTE LTDA               AV MARIPA, 270                          CENTRO      85960000MARECHAL CANDIDPR                                  07101900 000031
10200502754000905334400459007    0000NF007632-C               000011370000000000000109                     I01NF007632-C21101900000000878163410000001N260819100000000000000880000000000000000000000000000000000000000000000204789359000140ELETRICA COSTA OESTE LTDA               AV MARIPA, 270                          CENTRO      85960000MARECHAL CANDIDPR                                  21101900 000032
10200502754000905334400459007    0000NF007634-A               000011380000000000000109                     I01NF007634-A23091900000000457053410000001N260819100000000000000460000000000000000000000000000000000000000000000100000533654963MARCELO JOSE DE MOURA                   AV PARANA, 1223                         CENTRO      86870000IVAIPORA       PR                                  23091900 000033
10200502754000905334400459007    0000NF007634-B               000011390000000000000109                     I01NF007634-B07101900000000457053410000001N260819100000000000000460000000000000000000000000000000000000000000000100000533654963MARCELO JOSE DE MOURA                   AV PARANA, 1223                         CENTRO      86870000IVAIPORA       PR                                  07101900 000034
10200502754000905334400459007    0000NF007634-C               000011400000000000000109                     I01NF007634-C21101900000000457053410000001N260819100000000000000460000000000000000000000000000000000000000000000100000533654963MARCELO JOSE DE MOURA                   AV PARANA, 1223                         CENTRO      86870000IVAIPORA       PR                                  21101900 000035
10200502754000905334400459007    0000NF007636-A               000011410000000000000109                     I01NF007636-A23091900000000499453410000001N260819100000000000000500000000000000000000000000000000000000000000000210863342000199CLAUDEMIR SILVA PINTO PORTO RI          AV JOAO CARRARO, 148                    CENTRO      87950000PORTO RICO     PR                                  23091900 000036
10200502754000905334400459007    0000NF007636-B               000011420000000000000109                     I01NF007636-B07101900000000499443410000001N260819100000000000000500000000000000000000000000000000000000000000000210863342000199CLAUDEMIR SILVA PINTO PORTO RI          AV JOAO CARRARO, 148                    CENTRO      87950000PORTO RICO     PR                                  07101900 000037
10200502754000905334400459007    0000NF007636-C               000011430000000000000109                     I01NF007636-C21101900000000499443410000001N260819100000000000000500000000000000000000000000000000000000000000000210863342000199CLAUDEMIR SILVA PINTO PORTO RI          AV JOAO CARRARO, 148                    CENTRO      87950000PORTO RICO     PR                                  21101900 000038
10200502754000905334400459007    0000NF007637-A               000011440000000000000109                     I01NF007637-A23091900000000588803410000001N260819100000000000000590000000000000000000000000000000000000000000000225110409000191JR MARILUZ MATERIAL DE CONSTRU          RUA RYO URATANI, 148                    CENTRO      87470000MARILUZ        PR                                  23091900 000039
10200502754000905334400459007    0000NF007637-B               000011450000000000000109                     I01NF007637-B07101900000000588793410000001N260819100000000000000590000000000000000000000000000000000000000000000225110409000191JR MARILUZ MATERIAL DE CONSTRU          RUA RYO URATANI, 148                    CENTRO      87470000MARILUZ        PR                                  07101900 000040
10200502754000905334400459007    0000NF007637-C               000011460000000000000109                     I01NF007637-C21101900000000588793410000001N260819100000000000000590000000000000000000000000000000000000000000000225110409000191JR MARILUZ MATERIAL DE CONSTRU          RUA RYO URATANI, 148                    CENTRO      87470000MARILUZ        PR                                  21101900 000041
10200502754000905334400459007    0000NF007638-A               000011470000000000000109                     I01NF007638-A23091900000000718693410000001N260819100000000000000720000000000000000000000000000000000000000000000215919788000101MENDES & PRADO LTDA ME                  RUA PRINCESA ISABEL, 100                CENTRO      87345000CAMPINA DA LAGOPR                                  23091900 000042
10200502754000905334400459007    0000NF007638-B               000011480000000000000109                     I01NF007638-B30091900000000718673410000001N260819100000000000000720000000000000000000000000000000000000000000000215919788000101MENDES & PRADO LTDA ME                  RUA PRINCESA ISABEL, 100                CENTRO      87345000CAMPINA DA LAGOPR                                  30091900 000043
10200502754000905334400459007    0000NF007638-C               000011490000000000000109                     I01NF007638-C07101900000000718673410000001N260819100000000000000720000000000000000000000000000000000000000000000215919788000101MENDES & PRADO LTDA ME                  RUA PRINCESA ISABEL, 100                CENTRO      87345000CAMPINA DA LAGOPR                                  07101900 000044
10200502754000905334400459007    0000NF007638-D               000011500000000000000109                     I01NF007638-D14101900000000718673410000001N260819100000000000000720000000000000000000000000000000000000000000000215919788000101MENDES & PRADO LTDA ME                  RUA PRINCESA ISABEL, 100                CENTRO      87345000CAMPINA DA LAGOPR                                  14101900 000045
10200502754000905334400459007    0000NF007638-E               000011510000000000000109                     I01NF007638-E21101900000000718673410000001N260819100000000000000720000000000000000000000000000000000000000000000215919788000101MENDES & PRADO LTDA ME                  RUA PRINCESA ISABEL, 100                CENTRO      87345000CAMPINA DA LAGOPR                                  21101900 000046
10200502754000905334400459007    0000NF007645-A               000011520000000000000109                     I01NF007645-A23091900000000520523410000001N260819100000000000000520000000000000000000000000000000000000000000000203744301000118ABREU MARTINS & CIA LTDA                RUA QUINZE DE SETEMBRO, 1294            UVARANAS    84020050PONTA GROSSA   PR                                  23091900 000047
10200502754000905334400459007    0000NF007645-B               000011530000000000000109                     I01NF007645-B07101900000000520513410000001N260819100000000000000520000000000000000000000000000000000000000000000203744301000118ABREU MARTINS & CIA LTDA                RUA QUINZE DE SETEMBRO, 1294            UVARANAS    84020050PONTA GROSSA   PR                                  07101900 000048
10200502754000905334400459007    0000NF007645-C               000011540000000000000109                     I01NF007645-C21101900000000520513410000001N260819100000000000000520000000000000000000000000000000000000000000000203744301000118ABREU MARTINS & CIA LTDA                RUA QUINZE DE SETEMBRO, 1294            UVARANAS    84020050PONTA GROSSA   PR                                  21101900 000049
10200502754000905334400459007    0000NF007645-D               000011550000000000000109                     I01NF007645-D04111900000000520513410000001N260819100000000000000520000000000000000000000000000000000000000000000203744301000118ABREU MARTINS & CIA LTDA                RUA QUINZE DE SETEMBRO, 1294            UVARANAS    84020050PONTA GROSSA   PR                                  04111900 000050
10200502754000905334400459007    0000NF007645-E               000011560000000000000109                     I01NF007645-E18111900000000520513410000001N260819100000000000000520000000000000000000000000000000000000000000000203744301000118ABREU MARTINS & CIA LTDA                RUA QUINZE DE SETEMBRO, 1294            UVARANAS    84020050PONTA GROSSA   PR                                  18111900 000051
10200502754000905334400459007    0000NF007657-A               000011570000000000000109                     I01NF007657-A24091900000000564313410000001N270819100000000000000560000000000000000000000000000000000000000000000280316425000143A. MATHEUS COMERCIO DE MATERIA          AV COMENDADOR LUIZ MENEGHEL, 230        CENTRO      86360000BANDEIRANTES   PR                                  24091900 000052
10200502754000905334400459007    0000NF007660-A               000011580000000000000109                     I01NF007660-A24091900000000427623410000001N270819100000000000000430000000000000000000000000000000000000000000000233788742000182O J O MATERIAIS DE CONSTRUCAO           RUA SAVINO TRIPODI, 301                 ALEXANDRA   83250000PARANAGUA      PR                                  24091900 000053
10200502754000905334400459007    0000NF007660-B               000011590000000000000109                     I01NF007660-B08101900000000427623410000001N270819100000000000000430000000000000000000000000000000000000000000000233788742000182O J O MATERIAIS DE CONSTRUCAO           RUA SAVINO TRIPODI, 301                 ALEXANDRA   83250000PARANAGUA      PR                                  08101900 000054
10200502754000905334400459007    0000NF007660-C               000011600000000000000109                     I01NF007660-C22101900000000427623410000001N270819100000000000000430000000000000000000000000000000000000000000000233788742000182O J O MATERIAIS DE CONSTRUCAO           RUA SAVINO TRIPODI, 301                 ALEXANDRA   83250000PARANAGUA      PR                                  22101900 000055
10200502754000905334400459007    0000NF007662-A               000011610000000000000109                     I01NF007662-A24091900000000271833410000001N270819100000000000000270000000000000000000000000000000000000000000000209451272000182ELETRO XAVIER LTDA                      RUA RONDONIA, 268                       PARQUE DAS G87025070MARINGA        PR                                  24091900 000056
10200502754000905334400459007    0000NF007662-B               000011620000000000000109                     I01NF007662-B08101900000000271813410000001N270819100000000000000270000000000000000000000000000000000000000000000209451272000182ELETRO XAVIER LTDA                      RUA RONDONIA, 268                       PARQUE DAS G87025070MARINGA        PR                                  08101900 000057
10200502754000905334400459007    0000NF007662-C               000011630000000000000109                     I01NF007662-C22101900000000271813410000001N270819100000000000000270000000000000000000000000000000000000000000000209451272000182ELETRO XAVIER LTDA                      RUA RONDONIA, 268                       PARQUE DAS G87025070MARINGA        PR                                  22101900 000058
10200502754000905334400459007    0000NF007665-A               000011640000000000000109                     I01NF007665-A01101900000001500803410000001N270819100000000000001500000000000000000000000000000000000000000000000295447330000136ESTACILIO JOSE CARDOSO E CIA L          R.OSVALDO CRUZ, 2299                    CENTRO      85801200CASCAVEL       PR                                  01101900 000059
10200502754000905334400459007    0000NF007668-A               000011650000000000000109                     I01NF007668-A24091900000001482263410000001N270819100000000000001480000000000000000000000000000000000000000000000212426661000162UEQUE & SOUZA LTDA                      AV PARANA, 788                          VILA BELA VI84470000CANDIDO DE ABREPR                                  24091900 000060
10200502754000905334400459007    0000NF007668-B               000011660000000000000109                     I01NF007668-B01101900000001482263410000001N270819100000000000001480000000000000000000000000000000000000000000000212426661000162UEQUE & SOUZA LTDA                      AV PARANA, 788                          VILA BELA VI84470000CANDIDO DE ABREPR                                  01101900 000061
10200502754000905334400459007    0000NF007668-C               000011670000000000000109                     I01NF007668-C08101900000001482263410000001N270819100000000000001480000000000000000000000000000000000000000000000212426661000162UEQUE & SOUZA LTDA                      AV PARANA, 788                          VILA BELA VI84470000CANDIDO DE ABREPR                                  08101900 000062
10200502754000905334400459007    0000NF007668-D               000011680000000000000109                     I01NF007668-D15101900000001482263410000001N270819100000000000001480000000000000000000000000000000000000000000000212426661000162UEQUE & SOUZA LTDA                      AV PARANA, 788                          VILA BELA VI84470000CANDIDO DE ABREPR                                  15101900 000063
10200502754000905334400459007    0000NF007668-E               000011690000000000000109                     I01NF007668-E22101900000001482263410000001N270819100000000000001480000000000000000000000000000000000000000000000212426661000162UEQUE & SOUZA LTDA                      AV PARANA, 788                          VILA BELA VI84470000CANDIDO DE ABREPR                                  22101900 000064
10200502754000905334400459007    0000NF007669-A               000011700000000000000109                     I01NF007669-A24091900000000960773410000001N270819100000000000000960000000000000000000000000000000000000000000000205326878000135CLAUDINEI SOARES DA ROCHA & CI          RUA JARACATIA, 253                      CENTRO      87225000JAPURA         PR                                  24091900 000065
10200502754000905334400459007    0000NF007669-B               000011710000000000000109                     I01NF007669-B08101900000000960773410000001N270819100000000000000960000000000000000000000000000000000000000000000205326878000135CLAUDINEI SOARES DA ROCHA & CI          RUA JARACATIA, 253                      CENTRO      87225000JAPURA         PR                                  08101900 000066
10200502754000905334400459007    0000NF007669-C               000011720000000000000109                     I01NF007669-C22101900000000960773410000001N270819100000000000000960000000000000000000000000000000000000000000000205326878000135CLAUDINEI SOARES DA ROCHA & CI          RUA JARACATIA, 253                      CENTRO      87225000JAPURA         PR                                  22101900 000067
10200502754000905334400459007    0000NF007674-A               000011730000000000000109                     I01NF007674-A24091900000000173673410000001N270819100000000000000170000000000000000000000000000000000000000000000226027980000100URANDI COMERCIO VAREJISTA DE A          AVENIDA MONTREAL, 849                   JARDIM PANOR87113220SARANDI        PR                                  24091900 000068
10200502754000905334400459007    0000NF007674-B               000011740000000000000109                     I01NF007674-B08101900000000173673410000001N270819100000000000000170000000000000000000000000000000000000000000000226027980000100URANDI COMERCIO VAREJISTA DE A          AVENIDA MONTREAL, 849                   JARDIM PANOR87113220SARANDI        PR                                  08101900 000069
10200502754000905334400459007    0000NF007675-A               000011750000000000000109                     I01NF007675-A24091900000000420933410000001N270819100000000000000420000000000000000000000000000000000000000000000209639372000137D A PETRECA & CIA LTDA                  RUA SAO PAULO, 374                      CENTRO      87450000TUNEIRAS DO OESPR                                  24091900 000070
10200502754000905334400459007    0000NF007675-B               000011760000000000000109                     I01NF007675-B08101900000000420933410000001N270819100000000000000420000000000000000000000000000000000000000000000209639372000137D A PETRECA & CIA LTDA                  RUA SAO PAULO, 374                      CENTRO      87450000TUNEIRAS DO OESPR                                  08101900 000071
10200502754000905334400459007    0000NF007675-C               000011770000000000000109                     I01NF007675-C22101900000000420933410000001N270819100000000000000420000000000000000000000000000000000000000000000209639372000137D A PETRECA & CIA LTDA                  RUA SAO PAULO, 374                      CENTRO      87450000TUNEIRAS DO OESPR                                  22101900 000072
10200502754000905334400459007    0000NF007676-A               000011780000000000000109                     I01NF007676-A24091900000000418403410000001N270819100000000000000420000000000000000000000000000000000000000000000206220631000100G.A. DE ARRUDA & CIA LTDA               AV GOVERNADOR MOISES LUPION , 553       CENTRO      85415000CAFELANDIA     PR                                  24091900 000073
10200502754000905334400459007    0000NF007676-B               000011790000000000000109                     I01NF007676-B22101900000000418393410000001N270819100000000000000420000000000000000000000000000000000000000000000206220631000100G.A. DE ARRUDA & CIA LTDA               AV GOVERNADOR MOISES LUPION , 553       CENTRO      85415000CAFELANDIA     PR                                  22101900 000074
10200502754000905334400459007    0000NF007677-A               000011800000000000000109                     I01NF007677-A24091900000000420213410000001N270819100000000000000420000000000000000000000000000000000000000000000278716248000140PIZZI & VISSOC LTDA                     AVENIDA CASTELO BRANCO , 2260           CENTRO      87560000IPORA          PR                                  24091900 000075
10200502754000905334400459007    0000NF007677-B               000011810000000000000109                     I01NF007677-B22101900000000420203410000001N270819100000000000000420000000000000000000000000000000000000000000000278716248000140PIZZI & VISSOC LTDA                     AVENIDA CASTELO BRANCO , 2260           CENTRO      87560000IPORA          PR                                  22101900 000076
10200502754000905334400459007    0000NF007678-A               000011820000000000000109                     I01NF007678-A24091900000000532073410000001N270819100000000000000530000000000000000000000000000000000000000000000224341648000190A.A. DAIKO & DAIKO LTDA ME              RUA GENERAL OSOSRIO, 386                CENTRO      87345000CAMPINA DA LAGOPR                                  24091900 000077
10200502754000905334400459007    0000NF007678-B               000011830000000000000109                     I01NF007678-B22101900000000532063410000001N270819100000000000000530000000000000000000000000000000000000000000000224341648000190A.A. DAIKO & DAIKO LTDA ME              RUA GENERAL OSOSRIO, 386                CENTRO      87345000CAMPINA DA LAGOPR                                  22101900 000078
10200502754000905334400459007    0000NF007691-A               000011840000000000000109                     I01NF007691-A23091900000000416733410000001N260819100000000000000420000000000000000000000000000000000000000000000210665671000125DINIZ MATERIAIS ELETRICOS LTDA          AV.PREFEITO RONIE CARDOSO, 175          JARDIM COLON84178090CASTRO         PR                                  23091900 000079
10200502754000905334400459007    0000NF007691-B               000011850000000000000109                     I01NF007691-B07101900000000416723410000001N260819100000000000000420000000000000000000000000000000000000000000000210665671000125DINIZ MATERIAIS ELETRICOS LTDA          AV.PREFEITO RONIE CARDOSO, 175          JARDIM COLON84178090CASTRO         PR                                  07101900 000080
10200502754000905334400459007    0000NF007691-C               000011860000000000000109                     I01NF007691-C21101900000000416723410000001N260819100000000000000420000000000000000000000000000000000000000000000210665671000125DINIZ MATERIAIS ELETRICOS LTDA          AV.PREFEITO RONIE CARDOSO, 175          JARDIM COLON84178090CASTRO         PR                                  21101900 000081
10200502754000905334400459007    0000NF007692-A               000011870000000000000109                     I01NF007692-A24091900000000334053410000001N270819100000000000000330000000000000000000000000000000000000000000000208310467000140LUMINA COMERCIO DE MATERIAIS E          AVENIDA PARANA, 722                     CENTRO      85887000MATELANDIA     PR                                  24091900 000082
10200502754000905334400459007    0000NF007692-B               000011880000000000000109                     I01NF007692-B08101900000000334043410000001N270819100000000000000330000000000000000000000000000000000000000000000208310467000140LUMINA COMERCIO DE MATERIAIS E          AVENIDA PARANA, 722                     CENTRO      85887000MATELANDIA     PR                                  08101900 000083
10200502754000905334400459007    0000NF007692-C               000011890000000000000109                     I01NF007692-C22101900000000334043410000001N270819100000000000000330000000000000000000000000000000000000000000000208310467000140LUMINA COMERCIO DE MATERIAIS E          AVENIDA PARANA, 722                     CENTRO      85887000MATELANDIA     PR                                  22101900 000084
10200502754000905334400459007    0000NF007694-A               000011900000000000000109                     I01NF007694-A24091900000000267883410000001N270819100000000000000270000000000000000000000000000000000000000000000210360093000119EDEGAR BELO E CIA LTDA                  RUA CEL JOAO PEDRO MARTINS, 2104        CENTRO      84400000PRUDENTOPOLIS  PR                                  24091900 000085
10200502754000905334400459007    0000NF007694-B               000011910000000000000109                     I01NF007694-B08101900000000267863410000001N270819100000000000000270000000000000000000000000000000000000000000000210360093000119EDEGAR BELO E CIA LTDA                  RUA CEL JOAO PEDRO MARTINS, 2104        CENTRO      84400000PRUDENTOPOLIS  PR                                  08101900 000086
10200502754000905334400459007    0000NF007694-C               000011920000000000000109                     I01NF007694-C22101900000000267863410000001N270819100000000000000270000000000000000000000000000000000000000000000210360093000119EDEGAR BELO E CIA LTDA                  RUA CEL JOAO PEDRO MARTINS, 2104        CENTRO      84400000PRUDENTOPOLIS  PR                                  22101900 000087
10200502754000905334400459007    0000NF007699-A               000011930000000000000109                     I01NF007699-A24091900000000451843410000001N270819100000000000000450000000000000000000000000000000000000000000000214930555000147DB TRUCK COMERCIO E IMPORTACAO          R.GUILHERME SCROCCARO, 118              TATUQUARA   81940140CURITIBA       PR                                  24091900 000088
10200502754000905334400459007    0000NF007699-B               000011940000000000000109                     I01NF007699-B08101900000000451833410000001N270819100000000000000450000000000000000000000000000000000000000000000214930555000147DB TRUCK COMERCIO E IMPORTACAO          R.GUILHERME SCROCCARO, 118              TATUQUARA   81940140CURITIBA       PR                                  08101900 000089
10200502754000905334400459007    0000NF007699-C               000011950000000000000109                     I01NF007699-C22101900000000451833410000001N270819100000000000000450000000000000000000000000000000000000000000000214930555000147DB TRUCK COMERCIO E IMPORTACAO          R.GUILHERME SCROCCARO, 118              TATUQUARA   81940140CURITIBA       PR                                  22101900 000090
10200502754000905334400459007    0000NF007700-A               000011960000000000000109                     I01NF007700-A24091900000000490573410000001N270819100000000000000490000000000000000000000000000000000000000000000205401121000169N A N OLIVEIRA - MAT P/ CONSTR          AV BENTO MUNHOZ DA ROCHA NETO, 1453     SANTA CASA  87360000GOIOERE        PR                                  24091900 000091
10200502754000905334400459007    0000NF007700-B               000011970000000000000109                     I01NF007700-B08101900000000490553410000001N270819100000000000000490000000000000000000000000000000000000000000000205401121000169N A N OLIVEIRA - MAT P/ CONSTR          AV BENTO MUNHOZ DA ROCHA NETO, 1453     SANTA CASA  87360000GOIOERE        PR                                  08101900 000092
10200502754000905334400459007    0000NF007700-C               000011980000000000000109                     I01NF007700-C22101900000000490553410000001N270819100000000000000490000000000000000000000000000000000000000000000205401121000169N A N OLIVEIRA - MAT P/ CONSTR          AV BENTO MUNHOZ DA ROCHA NETO, 1453     SANTA CASA  87360000GOIOERE        PR                                  22101900 000093
10200502754000905334400459007    0000NF007701-A               000011990000000000000109                     I01NF007701-A24091900000000333183410000001N270819100000000000000330000000000000000000000000000000000000000000000214930555000147DB TRUCK COMERCIO E IMPORTACAO          R.GUILHERME SCROCCARO, 118              TATUQUARA   81940140CURITIBA       PR                                  24091900 000094
10200502754000905334400459007    0000NF007701-B               000012000000000000000109                     I01NF007701-B08101900000000333163410000001N270819100000000000000330000000000000000000000000000000000000000000000214930555000147DB TRUCK COMERCIO E IMPORTACAO          R.GUILHERME SCROCCARO, 118              TATUQUARA   81940140CURITIBA       PR                                  08101900 000095
10200502754000905334400459007    0000NF007701-C               000012010000000000000109                     I01NF007701-C22101900000000333163410000001N270819100000000000000330000000000000000000000000000000000000000000000214930555000147DB TRUCK COMERCIO E IMPORTACAO          R.GUILHERME SCROCCARO, 118              TATUQUARA   81940140CURITIBA       PR                                  22101900 000096
10200502754000905334400459007    0000NF007710-A               000012020000000000000109                     I01NF007710-A24091900000000353863410000001N270819100000000000000350000000000000000000000000000000000000000000000226935158000147RENATO PEREIRA                          RUA ANTONIO MARSARI , 162               CENTRO      85990000TERRA ROXA     PR                                  24091900 000097
10200502754000905334400459007    0000NF007710-B               000012030000000000000109                     I01NF007710-B08101900000000353843410000001N270819100000000000000350000000000000000000000000000000000000000000000226935158000147RENATO PEREIRA                          RUA ANTONIO MARSARI , 162               CENTRO      85990000TERRA ROXA     PR                                  08101900 000098
10200502754000905334400459007    0000NF007710-C               000012040000000000000109                     I01NF007710-C22101900000000353843410000001N270819100000000000000350000000000000000000000000000000000000000000000226935158000147RENATO PEREIRA                          RUA ANTONIO MARSARI , 162               CENTRO      85990000TERRA ROXA     PR                                  22101900 000099
10200502754000905334400459007    0000NF007711-A               000012050000000000000109                     I01NF007711-A24091900000000277723410000001N270819100000000000000280000000000000000000000000000000000000000000000214253416000126RIZATO & MENDONCA LTDA                  AV BANDEIRANTES , 530                   CENTRO      87365000QUARTO CENTENARPR                                  24091900 000100
10200502754000905334400459007    0000NF007711-B               000012060000000000000109                     I01NF007711-B08101900000000277703410000001N270819100000000000000280000000000000000000000000000000000000000000000214253416000126RIZATO & MENDONCA LTDA                  AV BANDEIRANTES , 530                   CENTRO      87365000QUARTO CENTENARPR                                  08101900 000101
10200502754000905334400459007    0000NF007711-C               000012070000000000000109                     I01NF007711-C22101900000000277703410000001N270819100000000000000280000000000000000000000000000000000000000000000214253416000126RIZATO & MENDONCA LTDA                  AV BANDEIRANTES , 530                   CENTRO      87365000QUARTO CENTENARPR                                  22101900 000102
10200502754000905334400459007    0000NF007713-A               000012080000000000000109                     I01NF007713-A24091900000000197363410000001N270819100000000000000200000000000000000000000000000000000000000000000219895385000120RAFAEL BRASIL GANZ ME                   RUA PROFESSOR SOUZA ARAUJO, 633         CENTRO      84430000IMBITUVA       PR                                  24091900 000103
10200502754000905334400459007    0000NF007713-B               000012090000000000000109                     I01NF007713-B08101900000000197343410000001N270819100000000000000200000000000000000000000000000000000000000000000219895385000120RAFAEL BRASIL GANZ ME                   RUA PROFESSOR SOUZA ARAUJO, 633         CENTRO      84430000IMBITUVA       PR                                  08101900 000104
10200502754000905334400459007    0000NF007713-C               000012100000000000000109                     I01NF007713-C22101900000000197343410000001N270819100000000000000200000000000000000000000000000000000000000000000219895385000120RAFAEL BRASIL GANZ ME                   RUA PROFESSOR SOUZA ARAUJO, 633         CENTRO      84430000IMBITUVA       PR                                  22101900 000105
10200502754000905334400459007    0000NF007717-A               000012110000000000000109                     I01NF007717-A24091900000000254493410000001N270819100000000000000250000000000000000000000000000000000000000000000278514304000164COMERCIAL VIRMOND LTDA                  R.QUINZE DE NOVEMBRO, 2471              CENTRO      85301050LARANJEIRAS DO PR                                  24091900 000106
10200502754000905334400459007    0000NF007717-B               000012120000000000000109                     I01NF007717-B01101900000000254473410000001N270819100000000000000250000000000000000000000000000000000000000000000278514304000164COMERCIAL VIRMOND LTDA                  R.QUINZE DE NOVEMBRO, 2471              CENTRO      85301050LARANJEIRAS DO PR                                  01101900 000107
10200502754000905334400459007    0000NF007717-C               000012130000000000000109                     I01NF007717-C08101900000000254473410000001N270819100000000000000250000000000000000000000000000000000000000000000278514304000164COMERCIAL VIRMOND LTDA                  R.QUINZE DE NOVEMBRO, 2471              CENTRO      85301050LARANJEIRAS DO PR                                  08101900 000108
10200502754000905334400459007    0000NF007717-D               000012140000000000000109                     I01NF007717-D15101900000000254473410000001N270819100000000000000250000000000000000000000000000000000000000000000278514304000164COMERCIAL VIRMOND LTDA                  R.QUINZE DE NOVEMBRO, 2471              CENTRO      85301050LARANJEIRAS DO PR                                  15101900 000109
10200502754000905334400459007    0000NF007717-E               000012150000000000000109                     I01NF007717-E22101900000000254473410000001N270819100000000000000250000000000000000000000000000000000000000000000278514304000164COMERCIAL VIRMOND LTDA                  R.QUINZE DE NOVEMBRO, 2471              CENTRO      85301050LARANJEIRAS DO PR                                  22101900 000110
10200502754000905334400459007    0000NF007718-A               000012160000000000000109                     I01NF007718-A24091900000000318943410000001N270819100000000000000320000000000000000000000000000000000000000000000211127250000103DEMACOM COM. DE MAT, PARA CONS          RUA NOSSA SENHORA DO ROCIO, 1534        CENTRO      86990000MARIALVA       PR                                  24091900 000111
10200502754000905334400459007    0000NF007718-B               000012170000000000000109                     I01NF007718-B08101900000000318923410000001N270819100000000000000320000000000000000000000000000000000000000000000211127250000103DEMACOM COM. DE MAT, PARA CONS          RUA NOSSA SENHORA DO ROCIO, 1534        CENTRO      86990000MARIALVA       PR                                  08101900 000112
10200502754000905334400459007    0000NF007718-C               000012180000000000000109                     I01NF007718-C22101900000000318923410000001N270819100000000000000320000000000000000000000000000000000000000000000211127250000103DEMACOM COM. DE MAT, PARA CONS          RUA NOSSA SENHORA DO ROCIO, 1534        CENTRO      86990000MARIALVA       PR                                  22101900 000113
10200502754000905334400459007    0000NF007719-A               000012190000000000000109                     I01NF007719-A24091900000000590473410000001N270819100000000000000590000000000000000000000000000000000000000000000203053003000181ZELMO PAULO COGO                        RUA HUMBERTO BACK, 325                  CENTRO      85635000NOVA ESPERANCA PR                                  24091900 000114
10200502754000905334400459007    0000NF007719-B               000012200000000000000109                     I01NF007719-B08101900000000590473410000001N270819100000000000000590000000000000000000000000000000000000000000000203053003000181ZELMO PAULO COGO                        RUA HUMBERTO BACK, 325                  CENTRO      85635000NOVA ESPERANCA PR                                  08101900 000115
10200502754000905334400459007    0000NF007719-C               000012210000000000000109                     I01NF007719-C22101900000000590473410000001N270819100000000000000590000000000000000000000000000000000000000000000203053003000181ZELMO PAULO COGO                        RUA HUMBERTO BACK, 325                  CENTRO      85635000NOVA ESPERANCA PR                                  22101900 000116
10200502754000905334400459007    0000NF007720-A               000012220000000000000109                     I01NF007720-A24091900000000175533410000001N270819100000000000000180000000000000000000000000000000000000000000000208052627000106REZENDE E SIGNORINI MATERIAIS           AVENIDA LONDRINA, 1147                  JARDIM INDEP87114010SARANDI        PR                                  24091900 000117
10200502754000905334400459007    0000NF007720-B               000012230000000000000109                     I01NF007720-B22101900000000175523410000001N270819100000000000000180000000000000000000000000000000000000000000000208052627000106REZENDE E SIGNORINI MATERIAIS           AVENIDA LONDRINA, 1147                  JARDIM INDEP87114010SARANDI        PR                                  22101900 000118
10200502754000905334400459007    0000NF007721-A               000012240000000000000109                     I01NF007721-A24091900000000498783410000001N270819100000000000000500000000000000000000000000000000000000000000000284824572000185IRONI MACIEL E CIA LTDA                 RUA SETE DE SETEMBRO, 811               CENTRO      85260000MANOEL RIBAS   PR                                  24091900 000119
10200502754000905334400459007    0000NF007721-B               000012250000000000000109                     I01NF007721-B08101900000000498763410000001N270819100000000000000500000000000000000000000000000000000000000000000284824572000185IRONI MACIEL E CIA LTDA                 RUA SETE DE SETEMBRO, 811               CENTRO      85260000MANOEL RIBAS   PR                                  08101900 000120
10200502754000905334400459007    0000NF007721-C               000012260000000000000109                     I01NF007721-C22101900000000498763410000001N270819100000000000000500000000000000000000000000000000000000000000000284824572000185IRONI MACIEL E CIA LTDA                 RUA SETE DE SETEMBRO, 811               CENTRO      85260000MANOEL RIBAS   PR                                  22101900 000121
10200502754000905334400459007    0000NF007722-A               000012270000000000000109                     I01NF007722-A24091900000004899943410000001N270819100000000000004900000000000000000000000000000000000000000000000202293865000119C.A CONSTRUTORA E EMPREENDIMEN          AVENIDA SAO PAULO , 40                  CENTRO      86870000IVAIPORA       PR                                  24091900 000122
9                                                                                                                                                                                                                                                                                                                                                                                                         000123
