02RETORNO01COBRANCA       1707411250052000132                               748BANSICREDI     20180130        0000254                                                                                                                                                                                                                                                                                 1.00000001
1            AB6BTW000002                      172025820                                                    28290118NF006780-C                    3107170000000118900         A000000000035000000000000000000000000000000000000000000000000000000000000000000000000000035000000000000000000000000000                          B10000000020180129                                                          000002
1            AB67PS000002                      182004877                                                    06290118NF8430-B  073006              2901180000000029812         A000000000000000000000000000000000000000000000000000000000000000000000000000000000000002981200000000000000000000000000                          000000000020180130                                                          000003
1            AB69SX000002                      182004800                                                    06290118NF8438-B  073822              2901180000000029917         A000000000000000000000000000000000000000000000000000000000000000000000000000000000000002991700000000000000000000000000                          000000000020180130                                                          000004
1            AB67JU000002                      182005229                                                    02290118NF8483-B                      3101180000000135692         A000000000000000000000000000000000000000000000000000000000000000000000000000000000000000000000000000000000000000000000                          0000000000                                                                  000005
1            AB6E81000002                      182003943                                                    09290118PD004057-B                    1302180000000122137         A000000000000000000000000000000000000000000000000000000000000000000000000000000000000000000000000000000000000000000000                          0000000000                                                                  000006
1            AB6E81000002                      182003935                                                    09290118PD004057-A                    2501180000000052344         A000000000000000000000000000000000000000000000000000000000000000000000000000000000000000000000000000000000000000000000                          0000000000                                                                  000007
1            AB683K000002                      182005059                                                    02290118PD003966-A                    3101180000000041364         A000000000000000000000000000000000000000000000000000000000000000000000000000000000000000000000000000000000000000000000                          0000000000                                                                  000008
1            A00000000002                      182005172                                                    03290118PD004112-A                    3101180000000025000         A000000000000000000000000000000000000000000000000000000000000000000000000000000000000000000000000000000000000000000000                          C600000000                                                                  000009
1            AB67II000002                      182005067                                                    02290118PD004168-A                    3101180000000074281         A000000000000000000000000000000000000000000000000000000000000000000000000000000000000000000000000000000000000000000000                          0000000000                                                                  000010
1            AB67II000002                      182005075                                                    02290118PD004168-B                    1902180000000086722         A000000000000000000000000000000000000000000000000000000000000000000000000000000000000000000000000000000000000000000000                          0000000000                                                                  000011
1            AB67II000002                      182005083                                                    02290118PD004168-C                    1203180000000086600         A000000000000000000000000000000000000000000000000000000000000000000000000000000000000000000000000000000000000000000000                          0000000000                                                                  000012
1            AB66P1000002                      182005091                                                    02290118PD004171-A                    3101180000000241521         A000000000000000000000000000000000000000000000000000000000000000000000000000000000000000000000000000000000000000000000                          0000000000                                                                  000013
1            AB69H5000002                      182005105                                                    02290118PD004173-A                    3101180000000176089         A000000000000000000000000000000000000000000000000000000000000000000000000000000000000000000000000000000000000000000000                          0000000000                                                                  000014
1            AB67Y7000002                      182005113                                                    02290118PD004175-A                    3101180000000124410         A000000000000000000000000000000000000000000000000000000000000000000000000000000000000000000000000000000000000000000000                          0000000000                                                                  000015
1            A00000000002                      182005121                                                    03290118PD004177-A                    3101180000000038759         A000000000000000000000000000000000000000000000000000000000000000000000000000000000000000000000000000000000000000000000                          C600000000                                                                  000016
1            AB67PS000002                      182005130                                                    02290118PD004177-B                    1902180000000045237         A000000000000000000000000000000000000000000000000000000000000000000000000000000000000000000000000000000000000000000000                          0000000000                                                                  000017
1            AB67PS000002                      182005148                                                    02290118PD004177-C                    1203180000000045200         A000000000000000000000000000000000000000000000000000000000000000000000000000000000000000000000000000000000000000000000                          0000000000                                                                  000018
1            AB67Y3000002                      182005199                                                    02290118PD004179-A                    3101180000000042033         A000000000000000000000000000000000000000000000000000000000000000000000000000000000000000000000000000000000000000000000                          0000000000                                                                  000019
1            AB65EI000002                      182005164                                                    02290118PD004181-A                    3101180000000045096         A000000000000000000000000000000000000000000000000000000000000000000000000000000000000000000000000000000000000000000000                          0000000000                                                                  000020
1            AB67JZ000002                      182003692                                                    06290118NF8344-C  COMPE               2401180000000146024         A000000000000000000000000000000000000000000000000000000000000000000000000000000000000015052900000000015850000000002920                          H50000000020180130                                                          000021
1            AB6849000002                      182003927                                                    06290118PD004054-ACOMPE               2901180000000110000         A000000000000000000000000000000000000000000000000000000000000000000000000000000000000011000000000000000000000000000000                          H50000000020180130                                                          000022
1            AB678G000002                      182004699                                                    06290118PD004141-ACOMPE               2701180000000176052         A000000000000000000000000000000000000000000000000000000000000000000000000000000000000017605200000000000000000000000000                          H50000000020180130                                                          000023
1            AB67JX000002                      182004702                                                    06290118PD004146-ACOMPE               2701180000000095439         A000000000000000000000000000000000000000000000000000000000000000000000000000000000000009543900000000000000000000000000                          H50000000020180130                                                          000024
1            AB65EI000002                      182004729                                                    06290118PD004149-ACOMPE               2801180000000028250         A000000000000000000000000000000000000000000000000000000000000000000000000000000000000002825000000000000000000000000000                          H50000000020180130                                                          000025
1            AB67JX000002                      182004770                                                    06290118NF8184-D  COMPE               2901180000000033666         A000000000000000000000000000000000000000000000000000000000000000000000000000000000000003366600000000000000000000000000                          H50000000020180130                                                          000026
1            AB683N000002                      182004788                                                    06290118NF8404-C  COMPE               2901180000000095095         A000000000000000000000000000000000000000000000000000000000000000000000000000000000000009509500000000000000000000000000                          H50000000020180130                                                          000027
1            AB67JU000002                      182004796                                                    06290118NF8403-C  COMPE               2901180000000025226         A000000000000000000000000000000000000000000000000000000000000000000000000000000000000002522600000000000000000000000000                          H50000000020180130                                                          000028
1            AB680P000002                      182004818                                                    06290118NF8420-B  COMPE               2901180000000049588         A000000000000000000000000000000000000000000000000000000000000000000000000000000000000004958800000000000000000000000000                          H50000000020180130                                                          000029
1            AB680M000001                      182004826                                                    06290118NF8400-B  COMPE               2901180000000078726         A000000000000000000000000000000000000000000000000000000000000000000000000000000000000007872600000000000000000000000000                          H50000000020180130                                                          000030
1            AB6K42000002                      182004834                                                    06290118NF8414-B  COMPE               2901180000000107793         A000000000000000000000000000000000000000000000000000000000000000000000000000000000000010779300000000000000000000000000                          H50000000020180130                                                          000031
1            AB67JU000002                      182004842                                                    06290118NF8451-B  COMPE               2901180000000030769         A000000000000000000000000000000000000000000000000000000000000000000000000000000000000003076900000000000000000000000000                          H50000000020180130                                                          000032
1            AB67Y3000002                      182004850                                                    06290118NF8410-B  COMPE               2901180000000033243         A000000000000000000000000000000000000000000000000000000000000000000000000000000000000003324300000000000000000000000000                          H50000000020180130                                                          000033
1            AB67Y3000002                      182004869                                                    06290118NF8411-B  COMPE               2901180000000026584         A000000000000000000000000000000000000000000000000000000000000000000000000000000000000002658400000000000000000000000000                          H50000000020180130                                                          000034
1            AB6B72000002                      182004885                                                    06290118NF8408-B  COMPE               2901180000000056780         A000000000000000000000000000000000000000000000000000000000000000000000000000000000000005678000000000000000000000000000                          H50000000020180130                                                          000035
1            AB67JU000002                      182004931                                                    06290118NF8453-B  COMPE               3001180000000047693         A000000000000000000000000000000000000000000000000000000000000000000000000000000000000004769300000000000000000000000000                          H50000000020180130                                                          000036
1            AB683K000002                      182005059                                                    06290118PD003966-ACOMPE               3101180000000041364         A000000000000000000000000000000000000000000000000000000000000000000000000000000000000004136400000000000000000000000000                          H50000000020180130                                                          000037
1            AB66P1000002                      182005091                                                    06290118PD004171-ACOMPE               3101180000000241521         A000000000000000000000000000000000000000000000000000000000000000000000000000000000000024152100000000000000000000000000                          H50000000020180130                                                          000038
1            AB69H5000002                      182005105                                                    06290118PD004173-ACOMPE               3101180000000176089         A000000000000000000000000000000000000000000000000000000000000000000000000000000000000017608900000000000000000000000000                          H50000000020180130                                                          000039
1            AB67Y7000002                      182005113                                                    06290118PD004175-ACOMPE               3101180000000124410         A000000000000000000000000000000000000000000000000000000000000000000000000000000000000012441000000000000000000000000000                          H50000000020180130                                                          000040
1            AB65EI000002                      182005164                                                    06290118PD004181-ACOMPE               3101180000000045096         A000000000000000000000000000000000000000000000000000000000000000000000000000000000000004509600000000000000000000000000                          H50000000020180130                                                          000041
1            AB67JU000002                      182005229                                                    28290118NF8483-B                      3101180000000135692         A000000000035000000000000000000000000000000000000000000000000000000000000000000000000000035000000000000000000000000000                          B30000000020180129                                                          000042
1            AB6E81000002                      182003943                                                    28290118PD004057-B                    1302180000000122137         A000000000035000000000000000000000000000000000000000000000000000000000000000000000000000035000000000000000000000000000                          B10000000020180129                                                          000043
1            AB6E81000002                      182003935                                                    28290118PD004057-A                    2501180000000052344         A000000000035000000000000000000000000000000000000000000000000000000000000000000000000000035000000000000000000000000000                          B10000000020180129                                                          000044
1            AB683K000002                      182005059                                                    28290118PD003966-A                    3101180000000041364         A000000000035000000000000000000000000000000000000000000000000000000000000000000000000000035000000000000000000000000000                          B30000000020180129                                                          000045
1            AB67II000002                      182005067                                                    28290118PD004168-A                    3101180000000074281         A000000000035000000000000000000000000000000000000000000000000000000000000000000000000000035000000000000000000000000000                          B30000000020180129                                                          000046
1            AB67II000002                      182005075                                                    28290118PD004168-B                    1902180000000086722         A000000000035000000000000000000000000000000000000000000000000000000000000000000000000000035000000000000000000000000000                          B30000000020180129                                                          000047
1            AB67II000002                      182005083                                                    28290118PD004168-C                    1203180000000086600         A000000000035000000000000000000000000000000000000000000000000000000000000000000000000000035000000000000000000000000000                          B30000000020180129                                                          000048
1            AB66P1000002                      182005091                                                    28290118PD004171-A                    3101180000000241521         A000000000035000000000000000000000000000000000000000000000000000000000000000000000000000035000000000000000000000000000                          B30000000020180129                                                          000049
1            AB69H5000002                      182005105                                                    28290118PD004173-A                    3101180000000176089         A000000000035000000000000000000000000000000000000000000000000000000000000000000000000000035000000000000000000000000000                          B30000000020180129                                                          000050
1            AB67Y7000002                      182005113                                                    28290118PD004175-A                    3101180000000124410         A000000000035000000000000000000000000000000000000000000000000000000000000000000000000000035000000000000000000000000000                          B30000000020180129                                                          000051
1            AB67PS000002                      182005130                                                    28290118PD004177-B                    1902180000000045237         A000000000035000000000000000000000000000000000000000000000000000000000000000000000000000035000000000000000000000000000                          B30000000020180129                                                          000052
1            AB67PS000002                      182005148                                                    28290118PD004177-C                    1203180000000045200         A000000000035000000000000000000000000000000000000000000000000000000000000000000000000000035000000000000000000000000000                          B30000000020180129                                                          000053
1            AB67Y3000002                      182005199                                                    28290118PD004179-A                    3101180000000042033         A000000000035000000000000000000000000000000000000000000000000000000000000000000000000000035000000000000000000000000000                          B30000000020180129                                                          000054
1            AB65EI000002                      182005164                                                    28290118PD004181-A                    3101180000000045096         A000000000035000000000000000000000000000000000000000000000000000000000000000000000000000035000000000000000000000000000                          B30000000020180129                                                          000055
1            AB67IJ000002                      172026053                                                    09300118NF006576-D                    0308170000000058900         A000000000000000000000000000000000000000000000000000000000000000000000000000000000000000000000000000000000000000000000                          0000000000                                                                  000056
1            AB68PB000002                      172030395                                                    28300118PD002122-A                    3008170000000016296         A000000000035000000000000000000000000000000000000000000000000000000000000000000000000000035000000000000000000000000000                          A90000000020180130                                                          000057
1            C0000000000                       182005121                                                    06290118          073006                    0000000038759                                                              00000000000000000000000000000000003875900000000000000000000000000                          00        20180209                                                          000058
1            C0000000000                       182005121                                                    28290118          073006                    0000000000800                                                              00000000000000000000000000000000003875900000000000000000000000000                          B3        20180129                                                          000059
1            C0000000000                       182005172                                                    06290118          071055                    0000000025000                                                              00000000000000000000000000000000002500000000000000000000000000000                          00        20180209                                                          000060
1            C0000000000                       182005172                                                    28290118          071055                    0000000000800                                                              00000000000000000000000000000000002500000000000000000000000000000                          B3        20180129                                                          000061
1            C0000000000                       182004583                                                    06290118          COMPE                     0000000130792                                                              00000000000000000000000000000000013079200000000000000000000000000                          H5        20180209                                                          000062
1            C0000000000                       182004583                                                    28290118          COMPE                     0000000000800                                                              00000000000000000000000000000000013079200000000000000000000000000                          B3        20180129                                                          000063
1            C0000000000                       182005016                                                    06290118          COMPE                     0000000301590                                                              00000000000000000000000000000000030159000000000000000000000000000                          H5        20180209                                                          000064
1            C0000000000                       182005016                                                    28290118          COMPE                     0000000000800                                                              00000000000000000000000000000000030159000000000000000000000000000                          B3        20180129                                                          000065
1            C0000000000                       182005032                                                    06290118          COMPE                     0000000361073                                                              00000000000000000000000000000000036107300000000000000000000000000                          H5        20180209                                                          000066
1            C0000000000                       182005032                                                    28290118          COMPE                     0000000000800                                                              00000000000000000000000000000000036107300000000000000000000000000                          B3        20180129                                                          000067
1            C0000000000                       182005040                                                    06290118          COMPE                     0000000365950                                                              00000000000000000000000000000000036595000000000000000000000000000                          H5        20180209                                                          000068
1            C0000000000                       182005040                                                    28290118          COMPE                     0000000000800                                                              00000000000000000000000000000000036595000000000000000000000000000                          B3        20180129                                                          000069
9274817074                                                                                                                                                                                                                                                                                                                                                                                                000070
