01REMESSA01COBRANCA       11878001090895000000ELETROLUZ MATERIAIS ELETRICOS 001BANCO DO BRASIL2805180000049                      2229646                                                                                                                                                                                                                                                                  000001
70200502754000140118780010908952229646                         222964600010014790000       0190000000     1701NF114983-A22061800000000338950010000001N230518010000000000000340000000000000000000000000000000000000000000000209336313000190CONDOMINIO DO CONJUNTO RESIDENCIAL HA   AV. MANDACARU, 2071                                 87083240MARINGA        PR                                           000002
70200502754000140118780010908952229646                         222964600010014800000       0190000000     1701NF114989-A23061800000000111000010000001N210518010000000000000110000000000000000000000000000000000000000000000207417658000142EDIFICIO RESIDENCIAL FONTANA DI TREVI   R.FRANCISCO GLICERIO, 1419                          87030050MARINGA        PR                                           000003
70200502754000140118780010908952229646                         222964600010014810000       0190000000     1701NF114992-A23061800000000047630010000001N180518010000000000000050000000000000000000000000000000000000000000000218512216000100ENGEART CONSTRUCOES                     AV.SAO DOMINGOS, 1678                               87040000MARINGA        PR                                           000004
70200502754000140118780010908952229646                         222964600010014820000       0190000000     1701NF115005-A23061800000000049570010000001N260518010000000000000050000000000000000000000000000000000000000000000277935567000184SOCIEDADE RURAL DE MARINGA              AVENIDA COLOMBO, 2186                               87045000MARINGA        PR                                           000005
70200502754000140118780010908952229646                         222964600010014830000       0190000000     1701NF115007-A13061800000000250620010000001N160518010000000000000250000000000000000000000000000000000000000000000211271661000178HOUSE ADMINISTRADORA LTDA               AVENIDA DOUTOR ALEXANDRE RASGULAEFF,                87023060MARINGA        PR                                           000006
70200502754000140118780010908952229646                         222964600010014840000       0190000000     1701NF115009-A23061800000000313240010000001N240518010000000000000310000000000000000000000000000000000000000000000211419776000167INSTALADORA ELETRO LUMENS LTDA - ME     AVENIDA COLOMBO, 5992                               87020000MARINGA        PR                                           000007
70200502754000140118780010908952229646                         222964600010014850000       0190000000     1701NF115009-B21071800000000313230010000001N240518010000000000000310000000000000000000000000000000000000000000000211419776000167INSTALADORA ELETRO LUMENS LTDA - ME     AVENIDA COLOMBO, 5992                               87020000MARINGA        PR                                           000008
70200502754000140118780010908952229646                         222964600010014860000       0190000000     1701NF115009-C19081800000000313230010000001N240518010000000000000310000000000000000000000000000000000000000000000211419776000167INSTALADORA ELETRO LUMENS LTDA - ME     AVENIDA COLOMBO, 5992                               87020000MARINGA        PR                                           000009
70200502754000140118780010908952229646                         222964600010014880000       0190000000     1701NF115011-A23061800000000341900010000001N260518010000000000000340000000000000000000000000000000000000000000000279132478000125DEPOSITO ALVORADA LTDA                  AVENIDA PEDRO TAQUES, 2056                          87033000MARINGA        PR                                           000010
70200502754000140118780010908952229646                         222964600010014890000       0190000000     1701NF115011-B21071800000000341900010000001N260518010000000000000340000000000000000000000000000000000000000000000279132478000125DEPOSITO ALVORADA LTDA                  AVENIDA PEDRO TAQUES, 2056                          87033000MARINGA        PR                                           000011
70200502754000140118780010908952229646                         222964600010014900000       0190000000     1701NF115023-A23061800000000464740010000001N240518010000000000000460000000000000000000000000000000000000000000000213863381000184MIDFARMA PRODUTOS FARMACEUTICOS LTDA    ROD BR 376 KM 150 , 0                               87160000MANDAGUACU     PR                                           000012
70200502754000140118780010908952229646                         222964600010014910000       0190000000     1701NF115031-A25061800000000300000010000001N280518010000000000000300000000000000000000000000000000000000000000000203049887000109RHEMA FERRAMENTAS DE PRECISAO LTDA      RUA ZOALDO REGINATO, 555                            87070770MARINGA        PR                                           000013
70200502754000140118780010908952229646                         222964600010014920000       0190000000     1701NF115033-A26061800000000045300010000001N160518010000000000000050000000000000000000000000000000000000000000000279149977000125NELSON NOVAKOWSKI & CIA LTDA            AVENIDA COLOMBO, 4640                               87030121MARINGA        PR                                           000014
70200502754000140118780010908952229646                         222964600010014930000       0190000000     1701NF115034-A26061800000001248230010000001N240518010000000000001250000000000000000000000000000000000000000000000205305203000100NOVA AMERICA ADMINISTRADORA DE BENS L   AV PREF.SINCLER SAMBATTI, 9479                      87055405MARINGA        PR                                           000015
70200502754000140118780010908952229646                         222964600010014940000       0190000000     1701NF115042-A25061800000000209290010000001N280518010000000000000210000000000000000000000000000000000000000000000220852143000139CREATIVE HOUSE - EIRELI - ME            AV PIONEIRO ALICIO ARANTES CAMPOLINA,               87020750MARINGA        PR                                           000016
70200502754000140118780010908952229646                         222964600010014950000       0190000000     1701NF115042-B23071800000000209280010000001N280518010000000000000210000000000000000000000000000000000000000000000220852143000139CREATIVE HOUSE - EIRELI - ME            AV PIONEIRO ALICIO ARANTES CAMPOLINA,               87020750MARINGA        PR                                           000017
70200502754000140118780010908952229646                         222964600010014960000       0190000000     1701NF115043-A27061800000000485980010000001N280518010000000000000490000000000000000000000000000000000000000000000281095879000102J DE MIRANDA CONSULTORIA E ENG DE PRO   RUA NEO ALVES MARTINS , 936                         87050010MARINGA        PR                                           000018
70200502754000140118780010908952229646                         222964600010014970000       0190000000     1701NF115043-B27071800000000485960010000001N280518010000000000000490000000000000000000000000000000000000000000000281095879000102J DE MIRANDA CONSULTORIA E ENG DE PRO   RUA NEO ALVES MARTINS , 936                         87050010MARINGA        PR                                           000019
70200502754000140118780010908952229646                         222964600010014980000       0190000000     1701NF115043-C26081800000000485960010000001N280518010000000000000490000000000000000000000000000000000000000000000281095879000102J DE MIRANDA CONSULTORIA E ENG DE PRO   RUA NEO ALVES MARTINS , 936                         87050010MARINGA        PR                                           000020
70200502754000140118780010908952229646                         222964600010014990000       0190000000     1701NF115044-A25061800000000680000010000001N170518010000000000000680000000000000000000000000000000000000000000000225274555000152CONDOMINIO EDIFICIO CENARIUM RESIDENC   R.ESTACIO DE SA, 1132                               87010360MARINGA        PR                                           000021
70200502754000140118780010908952229646                         222964600010015010000       0190000000     1701NF115054-A25061800000000333320010000001N280518010000000000000330000000000000000000000000000000000000000000000100000342602934JOSE VIEIRA                             AV.BRASIL, 6032                                     87015281                                                            000022
70200502754000140118780010908952229646                         222964600010015020000       0190000000     1701NF115059-A08071800000000630000010000001N220518010000000000000630000000000000000000000000000000000000000000000202461936000145P 3 ENGENHARIA LTDA                     AV DOUTOR GASTAO VIDIGAL, 922                       87050440MARINGA        PR                                           000023
70200502754000140118780010908952229646                         222964600010015030000       0190000000     1701NF115060-A25061800000000151410010000001N250518010000000000000150000000000000000000000000000000000000000000000202461936000145P 3 ENGENHARIA LTDA                     AV DOUTOR GASTAO VIDIGAL, 922                       87050440MARINGA        PR                                           000024
70200502754000140118780010908952229646                         222964600010015040000       0190000000     1701NF115061-A25061800000000199000010000001N260518010000000000000200000000000000000000000000000000000000000000000202461936000145P 3 ENGENHARIA LTDA                     AV DOUTOR GASTAO VIDIGAL, 922                       87050440MARINGA        PR                                           000025
70200502754000140118780010908952229646                         222964600010015050000       0190000000     1701NF115062-A25061800000002850000010000001N230518010000000000002850000000000000000000000000000000000000000000000203772474000140PLANALTO EMPREENDIMENTOS IMOBILIARIOS   AVENIDA DOUTOR ALEXANDRE RASGULAEFF,                87023060MARINGA        PR                                           000026
70200502754000140118780010908952229646                         222964600010015060000       0190000000     1701NF115062-B23071800000002849990010000001N230518010000000000002850000000000000000000000000000000000000000000000203772474000140PLANALTO EMPREENDIMENTOS IMOBILIARIOS   AVENIDA DOUTOR ALEXANDRE RASGULAEFF,                87023060MARINGA        PR                                           000027
70200502754000140118780010908952229646                         222964600010015070000       0190000000     1701NF115066-A25061800000000058500010000001N040418010000000000000060000000000000000000000000000000000000000000000213331208000135PRC CONFECCOES                          AVENIDA ESTADOS UNIDOS , 1855                       87050440MARINGA        PR                                           000028
70200502754000140118780010908952229646                         222964600010015080000       0190000000     1701NF115068-A25061800000000307770010000001N240518010000000000000310000000000000000000000000000000000000000000000220650062000156R8 INSTALACOES ELETRICAS LTDA           AVENIDA ADVOGADO HORACIO RACCANELLO F               87030405MARINGA        PR                                           000029
70200502754000140118780010908952229646                         222964600010015090000       0190000000     1701NF115068-B23071800000000307750010000001N240518010000000000000310000000000000000000000000000000000000000000000220650062000156R8 INSTALACOES ELETRICAS LTDA           AVENIDA ADVOGADO HORACIO RACCANELLO F               87030405MARINGA        PR                                           000030
70200502754000140118780010908952229646                         222964600010015100000       0190000000     1701NF115068-C20081800000000307750010000001N240518010000000000000310000000000000000000000000000000000000000000000220650062000156R8 INSTALACOES ELETRICAS LTDA           AVENIDA ADVOGADO HORACIO RACCANELLO F               87030405MARINGA        PR                                           000031
70200502754000140118780010908952229646                         222964600010015110000       0190000000     1701NF115070-A25061800000000500000010000001N240518010000000000000500000000000000000000000000000000000000000000000100003888492904LEANDRO JOSE SAMPAIO                    AVENIDA PEDRO TAQUES, 1374                          87035494MARINGA        PR                                           000032
70200502754000140118780010908952229646                         222964600010015120000       0190000000     1701NF115070-B23071800000000500000010000001N240518010000000000000500000000000000000000000000000000000000000000000100003888492904LEANDRO JOSE SAMPAIO                    AVENIDA PEDRO TAQUES, 1374                          87035494MARINGA        PR                                           000033
70200502754000140118780010908952229646                         222964600010015130000       0190000000     1701NF115070-C20081800000000500000010000001N240518010000000000000500000000000000000000000000000000000000000000000100003888492904LEANDRO JOSE SAMPAIO                    AVENIDA PEDRO TAQUES, 1374                          87035494MARINGA        PR                                           000034
70200502754000140118780010908952229646                         222964600010015140000       0190000000     1701NF115070-D17091800000000500000010000001N240518010000000000000500000000000000000000000000000000000000000000000100003888492904LEANDRO JOSE SAMPAIO                    AVENIDA PEDRO TAQUES, 1374                          87035494MARINGA        PR                                           000035
70200502754000140118780010908952229646                         222964600010015150000       0190000000     1701NF115070-E15101800000000500000010000001N240518010000000000000500000000000000000000000000000000000000000000000100003888492904LEANDRO JOSE SAMPAIO                    AVENIDA PEDRO TAQUES, 1374                          87035494MARINGA        PR                                           000036
70200502754000140118780010908952229646                         222964600010015160000       0190000000     1701NF115071-A25061800000000552950010000001N110518010000000000000550000000000000000000000000000000000000000000000100001984927906PAULO ROGERIO DO CARMO                  RUA PIONEIRA MARIA LOPES, 554                       87055650MARINGA        PR                                           000037
70200502754000140118780010908952229646                         222964600010015170000       0190000000     1701NF115073-A25061800000000168000010000001N280518010000000000000170000000000000000000000000000000000000000000000211496498000141S MARTINS - METALURGICA - ME            RODOVIA PR 317 KM 75, 0                             86650000SANTO INACIO   PR                                           000038
70200502754000140118780010908952229646                         222964600010015180000       0190000000     1701NF115075-A12061800000000358900010000001N280518010000000000000360000000000000000000000000000000000000000000000275575308000164CONGREGACAO CRISTA NO BRASIL            RUA PAULO TADASHI, 341                              86730000ASTORGA        PR                                           000039
70200502754000140118780010908952229646                         222964600010015190000       0190000000     1701NF115082-A25061800000000376280010000001N240518010000000000000380000000000000000000000000000000000000000000000203586012000138SAIL SAFE REPRESENTACOES COMERCIAIS L   R.VEREADOR ARLINDO PLANAS, 1977                     87080330MARINGA        PR                                           000040
70200502754000140118780010908952229646                         222964600010015200000       0190000000     1701NF115082-B23071800000000376270010000001N240518010000000000000380000000000000000000000000000000000000000000000203586012000138SAIL SAFE REPRESENTACOES COMERCIAIS L   R.VEREADOR ARLINDO PLANAS, 1977                     87080330MARINGA        PR                                           000041
70200502754000140118780010908952229646                         222964600010015240000       0190000000     1701NF115085-A05071800000001086500010000001N280518010000000000001090000000000000000000000000000000000000000000000201207056000184UNINGA - UNIDADE DE ENSINO SUP          AVE MORANGUEIRA, 6114                               87035410MARINGA        PR                                           000042
70200502754000140118780010908952229646                         222964600010015250000       0190000000     1701NF115085-B05081800000001086500010000001N280518010000000000001090000000000000000000000000000000000000000000000201207056000184UNINGA - UNIDADE DE ENSINO SUP          AVE MORANGUEIRA, 6114                               87035410MARINGA        PR                                           000043
70200502754000140118780010908952229646                         222964600010015260000       0190000000     1701NF115088-A25061800000000198000010000001N280518010000000000000200000000000000000000000000000000000000000000000280292352000105CONDOMINIO DO CONJUNTO HABITACIONAL M   RUA MARIO CLAPIER URBINATTI, 724                    87020901MARINGA        PR                                           000044
70200502754000140118780010908952229646                         222964600010015270000       0190000000     1701NF115092-A25061800000000222670010000001N230518010000000000000220000000000000000000000000000000000000000000000217572313000117SANDER DE OLIVEIRA ORTEGA               RUA ASA BRANCA, 1051                                86790000LOBATO         PR                                           000045
70200502754000140118780010908952229646                         222964600010015290000       0190000000     1701NF115094-B27061800000000348710010000001N280518010000000000000350000000000000000000000000000000000000000000000100042460808968ALFREDO LUIZ RICCIARDI                  RUA JOSE FRANCISCO BORGES, 768                      86900000JANDAIA DO SUL PR                                           000046
70200502754000140118780010908952229646                         222964600010015300000       0190000000     1701NF115096-A25061800000000436050010000001N240518010000000000000440000000000000000000000000000000000000000000000219967243000121SD COMERCIO DE GENEROS ALIMENTICIOS L   AV.KAKOGAWA, 2353                                   87024300MARINGA        PR                                           000047
70200502754000140118780010908952229646                         222964600010015310000       0190000000     1701NF115096-B23071800000000436050010000001N240518010000000000000440000000000000000000000000000000000000000000000219967243000121SD COMERCIO DE GENEROS ALIMENTICIOS L   AV.KAKOGAWA, 2353                                   87024300MARINGA        PR                                           000048
70200502754000140118780010908952229646                         222964600010015320000       0190000000     1701NF115108-A25061800000000037800010000001N040518010000000000000040000000000000000000000000000000000000000000000216679494000112SEMPRE BOM IND. DE PRODUTOS NATURAIS    AVENIDA CERRO AZUL , 2843                           87010055MARINGA        PR                                           000049
70200502754000140118780010908952229646                         222964600010015330000       0190000000     1701NF115112-A25061800000000343400010000001N250518010000000000000340000000000000000000000000000000000000000000000201937440000132TRANSPANORAMA TRANSPORTES LTDA          ROD PR 317 KM 03 BLOCO 04 , 4652                    87035510MARINGA        PR                                           000050
70200502754000140118780010908952229646                         222964600010015340000       0190000000     1701NF115113-A25061800000000723590010000001N250518010000000000000720000000000000000000000000000000000000000000000211729181000108TESLA CURSOS LTDA ME                    AV.BENTO MUNHOZ DA ROCHA NETTO, 138                 87030010MARINGA        PR                                           000051
70200502754000140118780010908952229646                         222964600010015210000       0190000000     1701PD1258183-25061800000001805450010000001N280518010000000000001810000000000000000000000000000000000000000000000279437745000172MAREGA E CIA LTDA ME                    AV. ANTONIO BORTOLOTO , 340                         87103000MARINGA        PR                                           000052
70200502754000140118780010908952229646                         222964600010015220000       0190000000     1701PD1258183-23071800000001805450010000001N280518010000000000001810000000000000000000000000000000000000000000000279437745000172MAREGA E CIA LTDA ME                    AV. ANTONIO BORTOLOTO , 340                         87103000MARINGA        PR                                           000053
70200502754000140118780010908952229646                         222964600010015230000       0190000000     1701PD1258183-20081800000001805450010000001N280518010000000000001810000000000000000000000000000000000000000000000279437745000172MAREGA E CIA LTDA ME                    AV. ANTONIO BORTOLOTO , 340                         87103000MARINGA        PR                                           000054
9                                                                                                                                                                                                                                                                                                                                                                                                         000055
