02RETORNO01COBRANCA       00000000000000277636IRMAOS TOMIYOSHI LTDA ME      237BRADESCO       2110190160000002885                                                                                                                                                                                                                                                                          221019         000001
1028167886400016900000090108200477737NF010734-A               0000000000090013997P0000000000000000000000000906211019NF010734-A0000000000090013997P161019000000004144023703645  000000000000000000000000000000000000000000000000000000000000000000000000000000000000004178500000000003450000000000000   221019             00000000000000                                                                  000002
1028167886400016900000090108200477737NF010766-A               0000000000090014003P0000000000000000000000000906211019NF010766-A0000000000090014003P191019000000001737075604340  000000000000000000000000000000000000000000000000000000000000000000000000000000000000001737000000000000000000000000000   221019             00000000000000                                                                  000003
1028167886400016900000090108200477737NF010773-A               000000000009001400560000000000000000000000000906211019NF010773-A00000000000900140056191019000000001620008400002  000000000000000000000000000000000000000000000000000000000000000000000000000000000000001620000000000000000000000000000   221019             00000000000000                                                                  000004
1028167886400016900000090108200477737NF010844-A               000000000009001402260000000000000000000000000906211019NF010844-A00000000000900140226201019000000001397034100233  000000000000000000000000000000000000000000000000000000000000000000000000000000000000001397000000000000000000000000000   221019             00000000000000                                                                  000005
102816788640001690000009010820047773710788..                  00000000000900140242000000000000000000000000090621101910788..   00000000000900140242201019000000001039000100476  000000000000000000000000000000000000000000000000000000000000000000000000000000000000001039000000000000000000000000000   221019             00000000000000                                                                  000006
102816788640001690000009010820047773710835..                  00000000000900140250000000000000000000000000090621101910835..   00000000000900140250201019000000002995334100113  000000000000000000000000000000000000000000000000000000000000000000000000000000000000002995300000000000000000000000000   221019             00000000000000                                                                  000007
102816788640001690000009010820047773710815..                  00000000000900140269000000000000000000000000090621101910815..   00000000000900140269201019000000005505000101187  000000000000000000000000000000000000000000000000000000000000000000000000000000000000005505000000000000000000000000000   221019             00000000000000                                                                  000008
102816788640001690000009010820047773710667..                  00000000000900140285000000000000000000000000090621101910667..   00000000000900140285201019000000011213434100113  000000000000000000000000000000000000000000000000000000000000000000000000000000000000011213400000000000000000000000000   221019             00000000000000                                                                  000009
102816788640001690000009010820047773710650..-A                00000000000900140307000000000000000000000000090621101910650..-A 00000000000900140307201019000000005916200101187  000000000000000000000000000000000000000000000000000000000000000000000000000000000000005916200000000000000000000000000   221019             00000000000000                                                                  000010
1028167886400016900000090108200477737NF010833-A               000000000009001403740000000000000000000000000906211019NF010833-A00000000000900140374201019000000003260010400386  000000000000000000000000000000000000000000000000000000000000000000000000000000000000003260000000000000000000000000000   221019             00000000000000                                                                  000011
102816788640001690000009010820047773710686-A                  00000000000900140390000000000000000000000000090621101910686-A   00000000000900140390201019000000005019675604340  000000000000000000000000000000000000000000000000000000000000000000000000000000000000005019600000000000000000000000000   221019             00000000000000                                                                  000012
1028167886400016900000090108200477737NF010816-A               000000000009001404390000000000000000000000000906211019NF010816-A00000000000900140439201019000000001743534103788  000000000000000000000000000000000000000000000000000000000000000000000000000000000000001743500000000000000000000000000   221019             00000000000000                                                                  000013
9201237          000000510000000213386100002885          00000000000000000000000456245000120000004559000000000000000000000000000000000000000000000000000000000000000000000000000000000000000                                                                                                                                                                              00000000000000000000000         000014
