01REMESSA01COBRANCA       2149686951          CASA NOBRE CONSTRUTORA E INCOR104C ECON FEDERAL 161118                                                                                                                                                                                                                                                                                                 00126000001
10211369878000700214968695120002322-04                  14000000000000867                                 01012322-04   19111800000002161231040000001N050718020000000000000710000000000000000000000000000000000000000000000100047878061904ANDRE DE ALMEIDA CORINTHI               RUA CARLOS KUPAS, 136                   VILA NOVA   89259400JARAGUA DO SUL SC2011180000004322BRAVA HILL RESIDENCE  00151000002
10211369878000700214968695120002365-04                  14000000000000868                                 01012365-04   19111800000010811011040000001N250518020000000000003570000000000000000000000000000000000000000000000100002151133737MARCUS VINICIUS PAIVA DE OLIVEIRA E SILVRUA MARQUES DE PARANA, 601-603          AGUA VERDE  80620210CURITIBA       PR2011180000021622BRAVA HILL RESIDENCE  00151000003
9                                                                                                                                                                                                                                                                                                                                                                                                         000004
